2902 4838
522 572 557 609 Al)
570 571 749 610 PHAENOMENA
760 573 879 610 estana.
1152 559 1205 610 Xllli

202 715 251 748 νον
263 699 325 748 dixit
334 698 435 747 Aratus.
469 697 525 746 Hos
546 699 708 748 Germanicus
723 713 774 746 non
790 695 846 746 ἀπὸ
863 697 909 748 roi
928 696 1026 761 χαλᾷν,
1038 696 1080 744 sed
1090 695 1146 746 ἀπὸ
1158 697 1206 756 τῆς

203 763 322 829 χαλάζης
334 763 458 812 derivavit.
492 763 590 812 Grendo
601 771 691 822 entem,
710 764 761 822 nix,
778 778 826 820 ros,
841 763 935 826 pruina,
947 762 968 809 si
980 779 1029 810 non
1041 763 1204 820 eademnam,

203 830 269 893 quod
280 829 457 892 quodammodo
467 828 570 891 probent
581 829 728 910 philosophi,
740 836 763 876 et
772 836 874 890 angusta
884 835 908 876 et
915 827 1004 875 affinia.
1026 829 1103 890 Igitur
1114 829 1207 877 roseida

203 897 290 956 proppis
301 891 432 953 πηδάλιον
442 890 648 958 κεχαλασμενον.
682 891 1026 956 Ga.-SCH.-Roseida]
1039 893 1118 942 BEG.
1130 893 1207 957 (prob.

204 959 241 1022 g.)
254 960 277 1006 b.
295 960 374 1006 lucida
384 958 485 1020 AFPgs.
503 958 559 1007 leno
572 960 605 1007 G.
622 959 681 1020 (non
693 957 848 1017 BE.)-OR.

237 1025 294 1072 356.
311 1022 345 1071 m
360 1021 456 1084 procul]
474 1021 534 1072 Tres
552 1024 579 1071 hi
596 1039 679 1071 versus
698 1039 728 1070 ex
747 1022 814 1070 Mss
837 1020 885 1070 Sed
894 1021 1027 1083 legendum
1039 1023 1105 1072 lond
1116 1024 1207 1084 proerd,

206 1086 251 1136 οὐκ
262 1087 353 1152 ὀλίγον
371 1103 419 1151 περ
431 1085 564 1152 ἀπόπροθι
575 1091 670 1136 Aratus.
706 1088 840 1149 Eleganter
850 1094 930 1134 sutem
943 1087 1007 1136 dixit
1017 1089 1094 1137 media
1107 1095 1141 1136 est
1151 1089 1208 1136 solis

205 1155 253 1210 via,
272 1154 317 1200 hoa
337 1159 381 1212 est,
402 1153 523 1203 aniacns
542 1169 615 1216 quem
632 1153 723 1200 Aratus
734 1152 792 1199 alibi
804 1149 900 1211 ἠελίοιο
913 1148 1034 1199 κέλευθον
1045 1160 1122 1210 vocat,
1133 1155 1208 1201 inter·

203 1218 275 1279 jacet.
310 1218 367 1264 Huc
385 1220 491 1278 pertinet
506 1220 575 1266 locus
586 1218 628 1265 ille
640 1217 738 1265 Manilii
754 1217 795 1264 lib.
808 1216 829 1263 I.
840 1232 862 1264 r.
875 1218 930 1272 355,
942 1215 1118 1266 Andromedam
1128 1224 1208 1266 vastas

206 1288 345 1330 metuentem
358 1285 433 1343 piscis
447 1284 536 1332 hiatus.
570 1282 619 1330 Ubi
633 1281 720 1330 Pistris
731 1282 868 1342 legendum.
903 1280 973 1327 Nihil
989 1283 1088 1331 certius.
1123 1284 1209 1331 Gn.-

208 1346 475 1395 scu—omnum
487 1355 535 1396 tres
546 1363 585 1394 vv.
597 1349 714 1394 eta-358.
727 1347 800 1395 AFP.
817 1345 915 1392 Habent
926 1345 1005 1395 BEG.
1023 1347 1109 1408 (lbid.)
1120 1346 1207 1410 Hand]

211 1410 240 1458 de
251 1426 274 1474 g.
286 1411 350 1472 conj.
362 1412 398 1460 sb.
415 1412 448 1461 At
459 1413 555 1475 BEGg.
573 1411 658 1473 (Ibid.)
677 1409 776 1473 Pistris]
789 1411 865 1473 Bgsb.
881 1412 964 1470 pristis
976 1411 1007 1459 Ε.
1034 1411 1129 1460 Eadem
1146 1413 1208 1460 vari-

208 1476 334 1523 etesinse
369 1477 466 1525 .-0R.
842 1493 846 1499 ·

242 1542 296 1588 358.
314 1491 425 1589 tellinae
433 1539 528 1604 pelopi]
545 1541 570 1588 id
588 1546 632 1599 est,
650 1540 745 1603 ingenti
760 1540 839 1588 beluae
849 1539 924 1587 maris
935 1539 1022 1588 Indici.
1055 1540 1150 1588 Plinius
1162 1541 1210 1590 tx.

208 1620 231 1653 ο.
244 1605 268 1663 3,
283 1603 395 1652 Plurima
406 1613 428 1654 et
438 1609 545 1654 marimo
555 1608 582 1652 ia
600 1606 681 1653 Indico
691 1608 754 1652 mari
764 1604 888 1662 animalia,
908 1621 920 1651 e
938 1605 1023 1665 qnilns
1040 1605 1133 1654 balance
1151 1622 1209 1668 qao·

209 1672 301 1717 teratm
312 1669 432 1731 merim,
449 1675 535 1733 pristes
545 1672 660 1718 decenam
671 1669 802 1718 cubitorum
817 1669 914 1717 Nonius
925 1685 946 1717 e.
961 1665 998 1726 13,
1011 1685 1036 1718 n.
1050 1672 1087 1718 13.
1122 1673 1210 1719 Pristis

209 1735 301 1795 manipli
316 1749 389 1795 penas
408 1751 424 1782 n
434 1737 518 1798 fisano
532 1739 646 1798 pristiam
664 1739 820 1792 annnorum,
839 1749 889 1796 qna
901 1734 1080 1795 lonpicorporis
1090 1743 1153 1793 sant,
1170 1736 1212 1783 sed

210 1800 312 1862 anqusti.
348 1799 466 1848 Cetaeeus
478 1801 551 1864 piscis
568 1807 605 1848 est
621 1799 701 1846 Indici
712 1800 785 1846 meris
797 1814 870 1861 quem
882 1799 994 1846 nonnulli
1004 1801 1114 1848 nivellam
1124 1807 1211 1849 vocant

210 1871 287 1912 rostro
298 1862 448 1925 longissimo,
467 1880 543 1922 osseo,
562 1865 676 1926 utrinque
687 1864 804 1921 aculeato,
824 1878 897 1910 serrae
908 1872 951 1912 sut
960 1865 1031 1912 rastri
1042 1865 1120 1912 modo.
1155 1865 1211 1913 Ico-

211 1943 269 1975 nem
289 1927 448 1977 Rondeletius
460 1930 558 1978 exhibet
566 1929 607 1977 lib.
619 1929 753 1991 XV1.onp.
768 1930 805 1975 15.
839 1927 892 1975 Nos
904 1929 1039 1990 genuinum
1050 1945 1174 1977 servamus
1184 1930 1211 1978 in

213 1991 317 2041 Cimelio
329 1995 460 2042 Parisiensi
470 2003 558 2042 nostro.
587 1993 707 2041 Haeduin.
720 1994 751 2042 ed
761 1992 878 2048 Plinium,
891 2005 949 2040 tom.
963 1993 983 2040 1.
995 2009 1018 2056 p.
1033 1996 1087 2042 280.
1115 1994 1211 2043 Plinius

213 2057 260 2106 IX.
273 2072 293 2104 ο.
305 2059 329 2112 4,
350 2061 481 2106 llarimnm
497 2060 588 2106 animal
603 2061 630 2106 in
645 2058 729 2106 Indico
744 2060 808 2106 mari
824 2056 912 2105 Pristis
922 2065 945 2107 et
955 2059 1055 2106 Baiana
1065 2066 1107 2107 est.
1141 2060 1212 2107 Idem

213 2138 232 2170 e.
242 2125 267 2171 5.
302 2123 400 2183 Belleia,
411 2127 450 2170 eni
461 2123 584 2172 dicebatur
594 2125 781 2185 expositofnisse
792 2121 950 2182 Andromeda,
970 2140 1022 2170 ossa
1034 2124 1114 2172 Roma
1126 2137 1212 2184 appor-

213 2193 264 2235 tato
275 2202 304 2233 ea
313 2189 398 2246 oppido
408 2188 498 2236 Jndaeoe
508 2189 592 2248 Joppe,
603 2188 702 2236 ostendit
714 2191 776 2235 inter
784 2187 878 2249 reliqna
886 2190 1003 2236 miracala
1011 2193 1036 2236 in
1046 2188 1158 2238 adilitate
1167 2205 1212 2237 saa

213 2251 254 2300 M.
267 2251 379 2308 Scaurus,
391 2254 536 2316 lonpitadine
547 2259 665 2300 costarum
673 2252 770 2301 Indicos
780 2251 916 2312 elephantos
925 2255 1054 2311 excedente,
1065 2257 1136 2314 spina
1147 2270 1212 2302 eras·

214 2315 318 2364 titudine
333 2317 497 2380 sesquipedali.
530 2317 586 2365 vid.
605 2317 678 2365 etiem
697 2318 771 2366 Plinii
790 2317 838 2367 IX.
858 2333 880 2367 a.
903 2319 941 2366 la.
975 2318 1024 2366 Sua
1044 2318 1101 2380 ane]
1121 2320 1147 2366 id
1168 2326 1212 2377 est,

215 2381 271 2429 aoeli
283 2390 359 2442 parte.
393 2383 433 2429 sie
451 2398 513 2445 pene
533 2381 607 2430 etism
624 2382 742 2443 Virgilius
762 2381 821 2430 AEn.
840 2381 882 2430 lib.
894 2382 932 2430 11.
954 2398 975 2430 r.
988 2385 1043 2440 512,
1063 2381 1169 2432 AEdibns
1187 2387 1214 2431 in

215 2446 306 2502 mediis,
318 2448 427 2510 nudoque
436 2446 478 2494 sab
491 2446 582 2495 alderis
592 2463 636 2494 ane
644 2447 729 2509 inqens
739 2447 848 2508 orasait.
877 2447 1000 2495 adscribit
1012 2448 1123 2496 Servius:
1140 2449 1213 2497 Nndo

215 2509 257 2558 sal
276 2525 328 2568 are,
346 2513 390 2558 lton
409 2519 448 2568 est,
466 2512 508 2559 sab
526 2513 589 2571 divo,
607 2512 670 2574 qaod
687 2513 826 2571 impluvium
837 2513 933 2559 dieitur.
968 2511 1117 2561 Aaisaatem
1128 2519 1215 2561 estant

214 2576 347 2634 plaustrum
357 2579 529 2636 septentrionis,
539 2582 581 2624 ant
589 2591 645 2637 pars
654 2579 826 2636 septentrionis,
837 2576 987 2633 are-scu.

249 2640 305 2687 859.
324 2639 439 2702 Diverso]
458 2641 521 2689 male
540 2641 594 2689 MS.
610 2642 706 2689 diuersi.
738 2642 780 2688 An
792 2656 848 2688 vero
859 2643 944 2704 tepenti
956 2642 1022 2690 dicas
1034 2657 1090 2690 eum
1101 2643 1214 2704 vulgatis,

217 2705 511 2767 anleqentenihilrefert.
546 2705 596 2754 Gn.
632 2708 803 2754 Boreaoieina
814 2704 913 2768 tepente]
925 2707 1004 2766 idest,
1022 2707 1215 2769 septentrionali-

216 2769 262 2816 bus
273 2770 351 2832 plagis
361 2770 503 2833 propinquo,
515 2785 558 2818 seu
569 2770 768 2832 septentrionales
778 2771 889 2832 regiones
900 2779 1022 2834 tangente.
1049 2773 1089 2819 Sin
1099 2772 1215 2834 Virgilius

216 2833 258 2881 lib.
270 2833 307 2882 II.
320 2836 409 2897 Georg.
422 2850 443 2882 v.
456 2837 496 2892 44,
513 2835 576 2893 odes,
592 2841 615 2882 et
624 2836 697 2895 primi
708 2837 756 2898 lene
767 2837 844 2883 litoris
854 2852 930 2884 oram.
963 2837 998 2884 Et
1014 2837 1056 2884 lib.
1069 2836 1106 2885 ΙΙ.
1117 2837 1215 2885 AEueid.

217 2914 240 2946 v.
262 2901 309 2947 206
328 2900 358 2947 de
377 2900 517 2946 natantibus
536 2900 630 2948 duobus
647 2901 781 2962 anguibus:
809 2900 910 2948 Pectora
932 2917 1031 2964 quornm
1051 2905 1113 2949 inter
1126 2904 1216 2962 fluetus

217 2970 317 3020 arrecta,
331 2963 440 3026 judaque
457 2962 596 3026 Sanquinee
606 2973 746 3024 exsuperant
757 2965 833 3013 andan
844 2981 852 3012 .·
870 2979 926 3024 pars
941 2972 1024 3014 cetera
1039 2972 1138 3026 pontum
1149 2965 1216 3016 Pone

218 3029 275 3090 lapit
284 3030 410 3090 sinuatque
420 3031 534 3076 immensa
545 3029 662 3077 volamine
672 3036 746 3092 torpa.
779 3031 840 3078 add.
856 3029 953 3078 AEneid.
970 3030 1023 3078 111.
1040 3046 1062 3078 v.
1076 3031 1130 3089 127,
1149 3040 1173 3079 et
1182 3033 1216 3080 ibi

219 3092 325 3150 Servius,
340 3094 382 3156 qui
392 3094 488 3141 scribit:
510 3092 612 3141 Tractus
628 3110 703 3142 sermo
721 3111 737 3142 a
752 3099 833 3143 nantis
851 3098 892 3156 qni
903 3095 990 3156 funem
1008 3096 1111 3158 iependo,
1131 3097 1157 3144 id
1174 3102 1216 3156 est,

201 3157 353 3221 eotaqendo,
369 3172 453 3218 aspera
471 3159 522 3206 loca
542 3162 688 3219 protererent.
721 3160 786 3206 Item
798 3160 862 3207 idern
873 3160 990 3223 Virgilius
1000 3160 1041 3208 lib.
1055 3161 1106 3208 111.
1119 3161 1217 3210 AEneid.

146 3249 152 3262 ·
217 3237 240 3269 v.
250 3224 313 3271 292:
330 3223 470 3286 Litteraque
480 3222 555 3286 Epiri
564 3223 670 3284 lepimne.
704 3224 754 3272 Ubi
763 3239 846 3272 rursus
854 3225 954 3273 Servius
962 3225 1041 3273 addit:
1058 3227 1084 3274 id
1094 3233 1135 3287 est,
1148 3230 1217 3275 navi·

215 3288 296 3349 pando
314 3291 469 3350 preterimus,
480 3304 530 3336 non
540 3291 676 3336 retinemus.
711 3289 766 3336 Hoc
778 3289 844 3337 euim
854 3291 955 3338 verbnm
965 3290 1004 3337 hia
1016 3291 1126 3353 ineptum
1137 3301 1218 3340 est.-

218 3351 475 3415 SCH.-Diverso]
501 3353 623 3415 AFPgsb.
643 3353 741 3401 Diversi
761 3353 841 3402 BEG.
866 3354 950 3416 (Ibin)
966 3355 1066 3418 tepente]
1092 3356 1218 3419 BEGgsb.

141 3417 145 3426 ·
218 3416 480 3479 nemisse-on.

252 3484 308 3530 360.
327 3480 414 3530 Pistris
431 3480 515 3545 opens]
539 3481 597 3530 MS.
613 3483 689 3530 bene:
708 3481 795 3530 Anser
816 3480 911 3532 Pistria
931 3485 988 3546 opit.
1021 3485 1113 3533 Aratus
1134 3482 1218 3543 Νότος

218 3543 316 3610 ἐχθρὸν
326 3544 413 3610 ἀγινεῖ
430 3548 516 3605 κῆτος.
549 3545 645 3595 Pistrin
662 3553 745 3595 sutem
763 3563 807 3610 per
824 3549 971 3597 metathesin
987 3565 1030 3611 pro
1050 3548 1145 3598 Pristin
1162 3552 1218 3610 dini,

219 3627 292 3659 nemo
311 3613 408 3674 estqui
426 3614 526 3660 nesciat.
553 3613 641 3660 Geor.
675 3612 777 3660 Flsccus
795 3613 866 3661 etism
878 3614 904 3661 in
915 3615 1050 3676 Argonaut.
1063 3614 1101 3662 11.
1119 3631 1142 3663 r.
1155 3617 1218 3664 53οι

218 3675 323 3739 Jamqne
334 3679 427 3739 anonae
439 3683 486 3724 toto
499 3675 587 3725 Pistris
605 3678 677 3736 adest,
687 3680 820 3741 miseraque
838 3678 918 3726 initiat
931 3680 988 3741 jam
999 3683 1111 3741 proxima
1125 3681 1218 3742 prede.

219 3741 314 3788 Auson.
332 3740 446 3803 Eelogsr.
460 3741 489 3789 de
500 3742 562 3803 sign.
581 3742 672 3790 aoelest.
691 3757 713 3789 v.
726 3744 770 3789 12:
790 3743 862 3791 Hane
878 3747 983 3806 equitio·
1002 3743 1097 3792 Pistris.
1130 3745 1219 3808 virgil.

220 3805 320 3854 AEneid.
332 3805 385 3854 111.
397 3806 453 3866 42⁷,
473 3813 498 3854 et
508 3806 557 3854 alii.
591 3805 714 3869 Preieqit]
733 3807 790 3854 Non
801 3808 866 3856 enim
881 3810 983 3870 perlepit
992 3808 1130 3870 legendum.
1163 3809 1219 3859 Prie

219 3869 246 3916 in
255 3871 429 3933 compositione
438 3886 502 3933 saepe
509 3879 598 3934 preter
608 3871 734 3933 signifieat.
767 3872 869 3921 Flaccus
881 3874 1014 3936 argonaut
1024 3874 1065 3922 lib.
1076 3873 1112 3921 11.
1124 3890 1145 3923 v.
1155 3876 1201 3923 581
1212 3895 1217 3924 :

222 3937 349 3998 Litoraque
361 3941 384 3983 et
393 3941 481 3984 veteres
491 3937 593 3983 tumulos
604 3936 743 3997 proelabitnr
753 3935 796 3985 Ili.
828 3936 890 3986 Vide
901 3937 1014 4000 exempla
1024 3939 1097 3986 etiem
1107 3938 1134 3986 in
1145 3939 1220 3989 Plinii

223 3999 340 4048 Historiae
351 4001 468 4048 naturalis
485 4001 540 4049 libr.
553 4000 601 4048 VI.
612 4016 664 4064 cap.
674 4003 719 4049 23:
737 4001 843 4050 Ausonii
853 4002 909 4051 clar.
922 4003 1006 4051 Urbib.
1018 4019 1042 4051 v.
1055 4005 1115 4060 1003
1133 4004 1220 4066 Virgil.

221 4063 267 4112 vt.
278 4063 594 4126 705.-scH.—-prnan
604 4064 666 4128 opit]
685 4066 809 4129 BEGgsb.
826 4070 907 4127 pristis
917 4070 967 4132 opit
978 4067 1038 4130 (non
1048 4069 1129 4132 anan)
1144 4069 1220 4119 AFP.

220 4131 305 4190 pistris
315 4145 386 4192 opens
396 4145 420 4193 g.
437 4130 521 4193 (ibid.)
535 4131 641 4194 preieqit
653 4147 671 4178 s.
683 4131 837 4194 σουλ-ΟΒ.
