2868 4848
631 561 790 628 sonuum.

285 1121 348 1188 IV.
394 1117 602 1186 SCHOLIA
626 1117 735 1184 SIVE
759 1114 1122 1182 COMMENTARIA

487 1323 525 1369 IN
542 1323 769 1370 PHAENOMENA
784 1321 934 1368 ARATEA.

211 1652 347 1732 Cianum
363 1653 501 1720 Circulis
518 1653 663 1738 quinque
679 1652 901 1737 distinguitur,
913 1674 1051 1738 quorum
1066 1653 1131 1718 duo
1149 1675 1207 1718 ex-

211 1742 306 1805 tremi
321 1741 460 1818 maxime
476 1739 599 1823 frigidi:
623 1737 786 1804 Australis
809 1738 1019 1817 humillimus,
1044 1749 1078 1804 et
1102 1739 1135 1803 A
1158 1741 1208 1804 ui·

210 1825 317 1892 lonius
333 1826 578 1892 excelsissimus.
625 1824 688 1889 His
705 1825 858 1908 utrinque
874 1825 1015 1909 proximi
1041 1825 1105 1889 duo
1130 1762 1208 1890 far·

210 1913 293 1986 alleli
316 1924 481 1989 vocantur,
506 1921 544 1975 ut
568 1911 614 1975 ita
639 1911 787 1988 dixerim,
811 1934 840 1976 aa
861 1933 901 1976 ue
916 1914 1084 1978 distantes:
1109 1911 1206 1976 iidem

210 1995 348 2084 Tropiei,
369 1999 467 2063 iidem
491 1996 700 2064 solstitiales:
724 1997 806 2062 alter
866 1997 1090 2147 ibernus,Cper
1110 2021 1207 2083 quem

210 2085 258 2150 sol
285 2084 443 2150 transiens
469 2107 505 2148 ao
535 2095 649 2148 tenens
678 2094 823 2147 octavam
852 2096 976 2167 partem
1037 2084 1207 2168 apricorni,

211 2171 386 2250 solstitium
414 2171 587 2234 hibernum
614 2168 709 2234 facit:
734 2169 815 2233 alter
838 2169 996 2248 AEstivus,
1023 2191 1082 2253 per
1108 2193 1206 2254 quem

210 2257 259 2322 sol
273 2257 430 2322 transiens
445 2278 480 2320 ac
496 2266 610 2320 tenens
634 2266 778 2319 octavam
800 2268 924 2340 partem
949 2253 1077 2332 Caneri,
1102 2256 1207 2321 solsti-

210 2343 292 2416 tium
316 2343 463 2408 aestivum
487 2341 574 2406 facit.
626 2339 758 2405 Medius
783 2351 832 2405 est
861 2339 1121 2426 AEquinoctialis,
1149 2343 1206 2428 qui

210 2441 352 2494 octavam
374 2439 499 2513 partem
525 2426 646 2491 Arietis
670 2438 796 2505 tenens,
823 2427 1052 2510 aequinoctium
1072 2450 1207 2493 vernum

209 2515 304 2579 faoit:
327 2525 437 2579 octava
452 2513 573 2590 Librae,
589 2512 775 2577 autumnale
787 2513 964 2578 constituit.
1009 2512 1058 2578 Ut
1085 2512 1206 2580 circuli

209 2601 245 2664 in
274 2601 363 2679 oaelo,
393 2601 439 2664 ita
466 2599 569 2663 Zonae
594 2599 629 2663 in
655 2609 742 2663 terra
764 2609 927 2664 vocantur.
973 2597 1205 2685 Inhabitabiles

210 2686 318 2771 frigidi
342 2685 452 2750 circuli
475 2695 552 2750 sunt
576 2685 617 2748 ob
635 2685 784 2768 rigorem,
802 2685 889 2770 quod
903 2686 943 2749 ab
957 2684 1007 2749 his
1021 2685 1205 2770 longissime

211 2772 258 2836 sol
273 2773 373 2837 abest.
420 2771 490 2836 Sub
502 2771 624 2836 torrido
640 2771 771 2855 quidam
784 2771 929 2836 habitare
943 2781 1062 2856 putant
1075 2770 1205 2837 AEthio-

210 2859 274 2942 piae
303 2858 477 2923 maximam
506 2868 649 2942 partem:
672 2857 751 2921 item
779 2857 933 2942 plurimas
955 2857 1077 2922 insulas
1101 2857 1204 2924 Maris

208 2944 311 3022 rubri,
327 2944 469 3028 aliosque
481 2943 614 3007 vertices
634 2943 888 3028 eminentiasque
909 2954 1068 3007 terrarum
1088 2947 1204 3011 nostris

209 3031 390 3115 ampliores.
436 3027 506 3094 Sub
522 3028 667 3114 Tropicis
681 3028 826 3094 habitare
842 3028 923 3092 nulli
938 3029 1072 3095 dubium
1087 3040 1147 3094 est.

253 3116 374 3188 Noster
389 3114 572 3180 Solstitialis
588 3113 732 3180 AEstivus
745 3126 795 3179 est
807 3116 952 3180 excelsus
963 3125 1060 3200 atque
1073 3116 1202 3186 arduus.

210 3201 312 3266 Divisi
327 3213 435 3267 autem
450 3211 528 3266 sunt
542 3225 562 3266 a
576 3200 668 3266 nobis
682 3201 799 3266 circulo
813 3199 1057 3286 AEquinootiali,
1069 3201 1126 3286 qui
1135 3202 1204 3266 An-

208 3288 388 3352 tichthones
414 3287 633 3367 nominantur,
645 3297 679 3352 et
692 3287 842 3352 videntur
864 3287 1001 3351 humiles
1026 3297 1124 3372 atqua
1148 3289 1203 3352 de-

207 3375 319 3459 pressi,
336 3375 392 3459 qui
406 3373 589 3460 Antipodes
603 3373 687 3438 infra
701 3384 797 3437 sunt:
822 3373 909 3458 quod
919 3384 957 3438 ut
968 3395 1035 3437 esse
1045 3374 1201 3456 videatur,

207 3459 351 3524 efficiunt
365 3460 469 3526 flexus
484 3460 755 3545 obliquitatesque
771 3470 938 3538 terrarum,
963 3482 1041 3544 quas
1064 3459 1202 3525 Antich-

206 3546 321 3611 thones
337 3556 370 3610 et
384 3544 584 3611 Antistochae
593 3555 626 3610 et
638 3546 837 3630 Antisceptae
846 3545 1026 3610 inhabitare
1037 3545 1199 3613 dicuntur.

208 3631 329 3717 Incipit
343 3642 452 3697 autem
469 3632 619 3715 Signifer,
634 3655 699 3696 non
715 3632 756 3696 ab
772 3643 917 3696 extremo
931 3632 1060 3711 circulo,
1083 3655 1141 3696 nec
1159 3635 1201 3699 ad

205 3729 389 3782 extremum
404 3719 608 3783 extenditur:
632 3719 687 3782 sed
701 3720 742 3782 ab
757 3718 871 3782 intimo
895 3717 1032 3803 Tropico
1055 3720 1199 3798 australi,

203 3801 1200 3889 brumaliqueeodem,perAEquinoetialemadsummumsolsti-

203 3890 324 3968 tialem,
341 3891 729 3974 eundemque'aestivalem
739 3913 798 3975 per
813 3891 964 3969 medium,
980 3891 1024 3973 (in
1038 3891 1087 3955 his
1096 3890 1199 3975 longi·

203 3977 283 4042 tudo
297 3976 514 4060 latitudoque)
533 3989 709 4061 porrectus.
755 3976 907 4061 Obliquas
922 3977 1031 4042 circuli
1047 3975 1198 4060 Signiferi

202 4073 321 4148 partes,
348 4060 548 4129 CCCLXV.
572 4063 663 4148 signa
685 4062 772 4142 XII,
796 4064 935 4148 partium
959 4063 1085 4149 singula
1104 4063 1198 4128 trice·
