2902 4838
519 561 556 597 en
568 560 745 596 ennnonnnr
758 561 875 595 nnnrrr.
1166 546 1200 597 xii

201 686 352 748 Subvenitur,
362 686 425 736 cubit
432 683 524 735 occidui
534 690 567 735 n'e
574 689 701 736 monuerit
708 687 793 735 under.
820 688 884 736 Vere
893 686 968 750 igitur
978 686 1032 736 haec
1041 685 1114 736 lectio
1122 693 1148 737 et
1156 702 1201 736 sno

201 753 254 801 loeo
265 754 378 817 reposita.
412 752 573 801 Gn-Sctt.

234 821 290 866 344.
306 817 340 866 Ar
350 816 409 880 quo]
421 818 481 864 Tres
491 817 518 864 hi
528 831 612 864 versus
622 815 711 864 iterum
722 831 735 863 e
749 814 802 863 MS.
838 815 999 866 Gn-sctn

234 885 290 930 345.
308 882 418 945 Fulqent,
430 879 484 939 ise]
495 881 543 929 Hic
554 896 639 928 versus
648 888 798 928 memoratur
810 897 823 928 a
835 880 959 929 Prisciano
967 882 1020 930 libr.
1033 880 1094 930 vn.
1105 895 1130 943 p.
1141 881 1197 929 262.

201 946 297 1010 Arqoe]
310 951 374 1010 Argo
386 947 455 995 nevis
466 946 545 1008 prima
556 947 581 993 in
594 945 695 993 saltibus
706 945 769 993 Pelii
781 947 871 993 montis
882 954 997 994 extructa.
1021 945 1161 994 Priscianus
1169 947 1199 994 de

201 1013 286 1060 metris
297 1013 390 1060 Comic.
401 1026 456 1075 pag.
470 1010 524 1060 887.
558 1010 672 1072 Euripid.
684 1011 711 1057 in
722 1011 810 1057 Medea
821 1011 923 1073 princip.
940 1011 993 1059 edd.
1006 1011 1117 1060 Meneth.
1129 1010 1198 1073 Apo·

201 1077 296 1124 telesm.
306 1077 349 1124 lib.
362 1077 399 1124 II.
411 1092 434 1123 v.
448 1077 500 1132 104,
515 1077 568 1123 105.
610 1075 722 1122 Catullus
743 1075 851 1137 Epithal.
869 1076 966 1125 Thetid.
982 1076 1036 1123 init.
1055 1077 1094 1123 Ex
1113 1077 1198 1123 arbore

202 1141 281 1190 Eone.
300 1141 363 1189 Plin.
375 1140 454 1189 XIII.
468 1156 489 1188 c.
502 1141 540 1187 22.
568 1139 641 1188 Dicte
652 1141 700 1187 fuit
710 1141 740 1187 ab
756 1147 846 1196 autore,
865 1140 906 1202 qui
926 1141 1008 1202 Argus
1024 1147 1123 1188 vocatus
1141 1141 1197 1198 tuit,

202 1205 743 1332 tntilli?titillentitit
760 1205 792 1316 il.
810 1205 1199 1333 lnthinlfftnllttli

549 1305 555 1318 ·
608 1303 615 1318 ·
643 1305 649 1318 ·
684 1303 690 1318 ·
735 1303 741 1326 r

201 1350 283 1383 eorum
298 1337 408 1384 Tritonia
419 1336 512 1382 devoted
524 1333 619 1396 Arqum.
647 1334 735 1382 Mole'ri
753 1331 815 1381 lunc
830 1338 930 1396 puppim
941 1335 1018 1398 jubet,
1038 1340 1061 1382 et
1077 1337 1198 1383 demittere

194 1401 265 1460 serre
278 1399 390 1448 Robora:
406 1397 517 1447 Peliacas
533 1406 555 1446 et
568 1399 624 1462 jam
638 1414 712 1446 comes
729 1403 777 1446 erit
791 1403 818 1446 in
832 1397 934 1450 umbras.
968 1399 1085 1447 Phaedrus
1097 1399 1139 1448 lib.
1153 1399 1198 1449 lv.

200 1464 248 1512 fab.
261 1465 285 1522 6,
296 1480 317 1512 v.
327 1467 350 1522 6,
362 1466 385 1514 9.
423 1463 521 1512 Utinam
532 1479 690 1540 necunquam
699 1462 765 1511 Pelii
775 1467 876 1511 nemoris
886 1465 948 1527 juqo
959 1463 1111 1542 Fabricasset
1121 1463 1198 1526 Arqus

202 1527 902 1657 {inliditituritt.t‡.l1ltss.l3.i⁰ffi.t2tff
915 1529 1199 1656 illinistis}

202 1658 270 1706 Adde
286 1659 325 1706 his
343 1659 439 1707 tertiam
454 1658 640 1720 originationem
659 1658 784 1706 Ciceronis
803 1657 844 1704 lib.
864 1658 886 1706 Ι.
905 1659 979 1706 Tusc.
999 1674 1019 1706 c.
1037 1659 1076 1717 20,
1096 1659 1139 1706 sed
1155 1664 1199 1706 ant

203 1723 330 1772 Ciceronis
339 1724 458 1772 memorie
467 1722 597 1780 vacillavit,
608 1728 651 1770 eut
662 1721 730 1769 locus
741 1730 777 1769 est
788 1729 922 1785 corruptus.
941 1723 1003 1770 Vide
1014 1731 1082 1770 notas
1094 1723 1199 1772 Davisii.

202 1789 311 1850 Longam
328 1789 403 1837 fuisse
421 1788 484 1835 hanc
503 1802 598 1844 navem,
618 1787 683 1850 quod
695 1786 791 1834 Plinius
802 1786 864 1835 VII.
876 1803 896 1835 e.
911 1788 942 1835 56
961 1787 1078 1835 Iasonem
1089 1787 1197 1849 primum

201 1851 276 1914 longe
287 1869 349 1901 nave
358 1853 493 1916 navigasse,
506 1851 695 1914 Philostepheno
707 1859 797 1909 autore,
810 1852 912 1914 scripsit,
922 1859 946 1900 et
954 1867 997 1915 per
1005 1853 1103 1914 longam
1111 1868 1200 1901 navem

201 1913 303 1981 μονήρη
325 1918 518 1980 intelligendam,
537 1916 675 1980 suspicatur
692 1916 766 1964 simul
788 1924 813 1965 et
835 1917 930 1964 dubitat
952 1917 1100 1965 Herduinus.
1146 1917 1197 1966 Res

202 1983 300 2044 quidem
310 1983 403 2030 incerta
412 1980 717 2045 est—SCH.-—Fulqet
724 1987 747 2028 et
759 1982 879 2031 B.-0R..

234 2048 290 2096 847.
312 2047 345 2096 Ut
351 2063 411 2105 cum,
418 2045 470 2108 tre]
484 2045 664 2108 Melevulgoti:
681 2053 707 2093 at
716 2061 776 2094 cum.
808 2046 887 2094 Versu
900 2045 1077 2109 abhincquerto
1089 2045 1143 2094 MS.
1155 2062 1199 2110 pro

202 2114 259 2175 quio
269 2127 316 2174 quo
327 2113 406 2160 habet.
435 2112 489 2174 Ego
497 2111 543 2158 hos
551 2111 676 2159 omnesite
684 2118 743 2174 puto
754 2111 869 2172 legendos
880 2119 904 2160 et
914 2111 1098 2172 intelligendos:
1114 2110 1198 2174 Puppe

201 2181 287 2224 etenim
304 2177 416 2235 trolitur,
433 2191 481 2223 nen
498 2181 560 2224 recto
579 2175 653 2224 libera
671 2191 749 2233 cursu,
773 2175 806 2224 Ut
826 2191 879 2223 cum
896 2176 1020 2223 decurrens
1038 2175 1128 2224 inhibet
1142 2178 1199 2239 jam

200 2244 285 2288 navita
294 2257 379 2301 remos,
391 2245 551 2304 Aversumque
560 2246 636 2289 ratem
646 2245 707 2288 uotis
717 2241 841 2288 damnatus
848 2241 882 2288 od
889 2255 957 2288 errem
964 2238 1081 2303 Perliqat,
1092 2246 1199 2303 optutum

201 2310 297 2367 cupiens
313 2311 446 2369 centinqere
465 2311 561 2353 terram.
596 2305 644 2352 Seu
655 2308 713 2370 qur'a
720 2321 778 2368 pore
789 2307 879 2354 cronia
891 2307 953 2367 fun,
964 2309 1064 2353 enuntio
1075 2321 1135 2352 rora
1145 2306 1198 2354 Nu·

201 2373 264 2418 mine
273 2371 377 2419 Junonis
389 2377 452 2420 tutus
461 2371 585 2433 cumsuqit
593 2369 678 2417 Joson.
712 2371 782 2418 Duas
792 2370 899 2432 assignat
910 2370 1023 2430 renones,
1040 2386 1083 2418 cur
1100 2370 1167 2433 Argo
1184 2386 1200 2418 o.

201 2437 278 2498 puppi
294 2437 386 2484 oriatur
402 2444 427 2484 et
443 2451 515 2499 prore
530 2443 618 2482 careat.
651 2435 760 2483 Priorem
772 2451 802 2483 ex
813 2435 897 2494 Arato,
911 2435 975 2497 quod
986 2441 1067 2482 noutae
1077 2435 1198 2498 appellere

201 2500 862 2628 tillutmultitudiniillini
879 2497 1200 2613 llllttit‘tltl

200 2633 303 2678 Aratum
314 2601 428 2679 diximus.
460 2629 568 2677 Alteram
577 2629 690 2678 omnibus
699 2580 1010 2693 mgclologiciffintacumss
1015 2581 1080 2691 quod
1087 2629 1200 2677 videlicet

199 2709 271 2756 prora
279 2697 343 2743 Inter
352 2711 425 2758 rupes
434 2695 508 2742 suerit
518 2694 609 2753 collisa,
621 2695 661 2742 vix
670 2695 801 2756 effugiente
811 2695 948 2758 periculum
957 2693 973 2739 J
975 2708 1055 2742 usone.
1083 2693 1200 2742 Meminit

200 2761 226 2806 in
244 2759 418 2822 Argonauticis
439 2760 559 2822 Orpheus,
578 2767 620 2807 aut
639 2760 750 2840 quisquis
769 2759 811 2807 ille
830 2759 908 2815 slius3
926 2759 990 2821 apud
1007 2773 1080 2820 quem
1099 2759 1200 2808 fatidica

200 2826 270 2872 nevis
287 2826 322 2873 ite
338 2825 459 2888 loquitur:
483 2822 528 2872 ’οι
564 2840 588 2871 οι
606 2822 681 2888 lquor,
699 2821 792 2887 ὄφελόν
809 2839 841 2887 με
861 2820 1072 2888 διαρῤαισθεῖσαν
1083 2821 1198 2872 ὀλέσθαι.

202 2888 332 2948 Κυανέαις
343 2890 480 2956 πετραῖσιν
490 2887 519 2936 tv
530 2840 623 2951 allelon
634 2905 661 2938 τε
679 2886 798 2936 κλύδωνι.
833 2889 884 2936 Gn.
915 2886 1063 2951 Decurrens]
1076 2889 1199 2936 Scilicete

200 2955 264 3002 mari
282 2955 313 3002 ud
332 2963 428 3005 terram.
465 2952 568 3015 taliter]
590 2955 615 3002 id
634 2962 678 3012 est,
699 2964 797 3002 strenue
819 2953 903 3014 agitet,
922 2969 1009 3001 navem
1029 2968 1199 3001 conversurus.

201 3019 287 3067 CIcero
304 3020 382 3068 XIII.
402 3020 471 3082 epist.
488 3018 518 3066 ud
537 3017 613 3067 Attic.
633 3020 672 3066 21.
705 3017 820 3066 Inhibere
830 3018 893 3066 illud
902 3023 977 3076 tuum,
989 3017 1129 3081 quodvulde
1139 3019 1199 3066 mili

201 3088 325 3142 arriserat,
343 3086 488 3133 veliementer
498 3083 611 3145 displicet.
645 3083 691 3130 Est
701 3085 765 3131 enim
775 3081 870 3131 uerbum
881 3089 955 3131 totum
964 3086 1104 3130 nauticum:
1121 3097 1198 3146 quan·

200 3164 272 3211 quom
282 3151 309 3198 id
318 3151 411 3213 que'dem
419 3145 526 3203 edebam,
537 3149 578 3196 eed
587 3147 724 3196 arbitrabor
732 3150 844 3195 uestiueri
853 3163 936 3206 remos,
946 3163 1000 3196 cum
1010 3146 1115 3195 inhibere
1124 3154 1200 3195 essent

199 3216 299 3276 remique
305 3216 387 3278 jussi:
402 3213 429 3261 id
438 3229 487 3262 mon
496 3227 543 3260 esse
558 3213 682 3276 ejusmodi,
702 3213 777 3261 de'diei
795 3211 856 3271 loe,
874 3229 945 3277 qnam
956 3213 988 3260 ad
998 3213 1082 3261 villam
1091 3218 1199 3261 nostrum

199 3281 444 3342 uouisappelleretur.
475 3278 533 3326 Non
544 3281 607 3326 enim
617 3280 734 3325 sustinent
743 3293 774 3338 se,
786 3278 882 3326 sedulio
893 3278 961 3326 morlo
970 3281 1094 3340 remiqont.
1126 3276 1158 3324 Id
1168 3276 1198 3325 ol

200 3341 304 3406 ἐπέχειν
314 3347 495 3392 remotissimum
505 3349 546 3390 est.
582 3343 661 3400 Quare
664 3345 751 3404 seruies,
763 3347 790 3390 ut
800 3344 836 3390 ito
846 3346 878 3390 eit
887 3346 914 3390 in
925 3341 993 3399 libre,
1004 3343 1199 3406 quemadmodum

192 3411 254 3471 fuit.
286 3408 357 3458 Dices
375 3408 491 3456 incitem
507 3406 617 3466 Varroni,
635 3410 657 3454 ei
668 3410 737 3469 sorte
747 3411 858 3466 mutanti,
875 3423 917 3455 ncc
928 3408 1054 3455 estmelins
1064 3409 1199 3470 quicquam,

200 3491 272 3540 quom
289 3480 317 3522 ut
339 3473 455 3522 Lucullus
474 3473 590 3520 sustineat
610 3487 705 3522 currum
727 3487 850 3535 equosque,
872 3479 899 3521 ut
917 3470 991 3520 lanus
1011 3487 1069 3536 sepe
1086 3473 1199 3534 oqitator.

200 3539 342 3602 Semperque
364 3538 497 3587 Carneades
515 3535 654 3603 προβολήν
670 3539 768 3601 puqile's,
786 3544 809 3585 et
827 3539 979 3586 retentionem
995 3540 1082 3600 auriqoe
1098 3537 1201 3584 similem

192 3607 260 3668 socii
280 3601 374 3668 ἐποχῇ.
409 3601 525 3651 Iunilitio
543 3608 623 3650 autem
640 3606 736 3665 remiqis
754 3607 845 3650 motum
863 3601 941 3659 Iubet,
964 3607 987 3650 et
1005 3602 1200 3649 vetanentiorem

200 3672 294 3736 quidem
303 3668 464 3731 remiqotlenie
474 3683 559 3716 neuun
569 3671 722 3716 convertentis
733 3668 766 3715 ad
773 3669 881 3730 puppim.
923 3666 1023 3714 Curtius
1035 3666 1076 3717 lib.
1090 3664 1135 3713 tv.
1147 3681 1200 3728 cap.

199 3737 223 3794 4,
243 3751 262 3782 s.
280 3734 302 3781 9.
342 3731 429 3780 Plures
447 3733 529 3780 deinde
549 3732 708 3780 Macedonum
727 3747 800 3780 naues
818 3734 991 3794 superveniunt,
1011 3737 1034 3778 et
1050 3745 1094 3778 rer
1109 3745 1201 3794 quoque

199 3801 290 3857 adnot,
310 3813 383 3862 quum
404 3796 476 3860 Tyrii
494 3796 623 3845 tulibentee
638 3801 716 3854 reon,
734 3813 794 3859 eqre
812 3797 909 3844 evellere
923 3811 1006 3843 nauem
1023 3811 1074 3859 quo
1090 3794 1200 3854 molat,

195 3869 339 3928 portumque
351 3865 432 3910 omnio
442 3864 515 3911 simul
524 3864 621 3923 nauiqia
632 3861 856 3924 repetunt—scil.

232 3931 290 3980 347.
306 3927 462 3990 Aversumque
472 3932 548 3975 ratem
572 3927 669 3974 Vitruv.
682 3926 729 3974 IX.
741 3943 762 3974 c.
772 3927 795 3975 7.
829 3925 907 3973 Juxta
927 3923 1049 3972 Craterem
1059 3929 1083 3972 et
1098 3922 1200 3972 leonem

198 3996 268 4041 nonis
278 4000 320 4051 eet,
331 4009 380 4056 quce
391 3995 527 4040 nominetur
561 4005 611 4054 rqo,
628 3991 695 4054 eujus
705 4007 779 4053 prora
790 3988 928 4038 obscuratur
938 4007 947 4047 ‚·
964 3990 1004 4037 sed
1013 3989 1097 4046 malus,
1118 3995 1141 4036 et
1150 4004 1201 4052 qua

197 4054 629 4120 unceimoqntemamtaemtnemta
636 4052 1200 4118 uidentur.—SCH.—-Utquum]ABEGgsb.

198 4124 232 4173 At
243 4138 296 4172 cum
307 4121 357 4172 FP.
375 4121 461 4183 (Ibid.)
478 4125 548 4170 remis
558 4128 631 4178 recte,
643 4128 670 4168 ut
681 4120 870 4184 puto,-Gronov.
882 4125 906 4167 et
917 4119 1028 4167 u-on.
