2902 4838
242 557 284 606 lxx
698 569 776 607 nosne

275 695 333 746 ott.
350 695 422 746 Ardet
433 701 456 745 et
472 695 623 745 Andromede
642 697 727 756 esitus,
744 695 835 746 Pistris
846 700 983 746 etmoeimo
1003 697 1117 746 oceasum
1135 703 1241 763 sequitur

243 764 357 810 uenientis
373 769 395 809 et
411 761 517 824 Virpinis
531 760 587 824 ora]
605 761 749 824 Ieegeudum
768 769 836 826 puto,
854 761 957 811 sedetur
975 761 1128 812 Andromeda
1146 767 1239 813 vultos:

242 827 284 874 eeu
292 831 397 876 meatem
408 825 497 876 Pristis
510 825 603 874 Oceano
617 829 750 890 impetitur
766 829 881 876 venientis
890 827 995 891 Virpe'mie
1005 845 1054 877 oro.
1087 828 1140 878 Aut
1150 831 1239 879 etiem:

243 888 601 941 Atueortodromeeeosuu:
618 889 858 956 Pietrteqoemarira.
886 891 1041 941 Alterutrum
1050 892 1122 955 elige¹
1150 899 1241 943 Sensus

243 963 288 1014 est,
310 955 471 1006 Andromede
489 957 570 1006 vultus
588 955 683 1016 oceidit,
702 972 777 1020 quem
788 972 877 1005 ooeuuo
889 957 1026 1006 venientem
1036 959 1174 1021 insequitur
1185 960 1239 1008 Pis-

243 1022 299 1080 trix,
311 1022 351 1070 eui
361 1022 433 1071 erista
443 1021 522 1070 adhue
532 1022 558 1070 in
569 1020 632 1069 eoelo
642 1019 727 1084 fulget.
762 1020 836 1081 Nem,
844 1028 905 1070 teste
915 1022 999 1084 Arete,
1011 1038 1033 1072 s.
1042 1023 1098 1081 ott,
1110 1021 1136 1080 tc
1146 1023 1240 1088 λοφίην

244 1084 420 1152 τετραμμένον
431 1085 494 1151 ἄχρι
511 1085 574 1148 παρ’
586 1084 673 1145 αὐτὴν
689 1083 781 1136 Δΰνειε
799 1087 878 1149 sepite
899 1088 993 1137 oceidit
1033 1086 1159 1137 Avienus:
1182 1089 1242 1138 Tin-

241 1157 308 1216 9e'tur
317 1157 344 1199 at
352 1155 421 1216 spino
434 1155 509 1216 copiti
526 1167 574 1215 quo
590 1154 700 1214 prosimu
710 1165 800 1200 sumto
810 1158 852 1200 eet.
870 1152 922 1200 Gn.
956 1153 1052 1208 Mulim,
1064 1153 1084 1201 si
1094 1153 1186 1212 liceret,
1197 1170 1241 1218 pro

244 1220 358 1266 uenientis
375 1231 464 1280 ponere
481 1219 597 1279 oerpeute'e
614 1215 652 1264 vel
669 1219 793 1279 merpentis
814 1216 904 1278 potius.
939 1216 1019 1266 Crista
1037 1218 1184 1268 Germeuioo
1204 1229 1241 1269 sst

243 1282 313 1346 spine
332 1281 432 1330 eserieie
450 1281 545 1341 Plintis,
563 1296 683 1328 unacum
702 1287 779 1329 rostro
798 1295 871 1344 nuper
889 1282 1015 1332 horizonte
1025 1283 1127 1346 relique.
1161 1286 1241 1348 Caput

243 1347 319 1410 igitur
335 1345 422 1394 Pristis
438 1361 487 1394 uon
507 1345 603 1405 oecion,
620 1346 662 1394 ssd
675 1346 751 1394 oeude
761 1361 818 1394 oum
829 1348 937 1395 maxims
947 1355 1015 1410 parte
1026 1348 1141 1410 eorporis.
1175 1350 1241 1413 Ergo

243 1412 314 1460 video
336 1411 511 1460 Germanicum
532 1410 671 1473 scripsisse:
689 1410 765 1459 eouda
785 1410 912 1460 abutere·
940 1416 965 1461 t.-
981 1429 1037 1470 non,
1055 1419 1126 1476 eaput
1148 1415 1243 1464 abditur

243 1475 545 1540 epm-scu—tteu
557 1481 578 1523 et
590 1474 735 1524 Andromede
750 1475 841 1539 vuitus]
859 1491 881 1524 s.
920 1478 971 1526 rdet
981 1484 1005 1527 et
1022 1477 1173 1528 Andromede
1190 1482 1242 1528 oui-

244 1547 282 1590 tue
302 1541 397 1604 sung.
414 1539 518 1590 Auditur
536 1539 689 1590 Andromede
705 1540 785 1588 vuitus
802 1541 831 1589 de
846 1556 871 1604 g.
887 1542 984 1604 eonj.b.
1002 1543 1088 1604 (Ibid.)
1104 1549 1243 1593 etmoeimo

247 1603 345 1668 Pistris]
365 1606 418 1654 BE.
443 1609 532 1654 Pistris
549 1611 572 1652 et
590 1609 696 1654 mammea
714 1605 762 1667 Gg.
784 1606 825 1653 sed
842 1611 948 1656 mosim
970 1605 1058 1657 Pistris
1068 1609 1097 1656 de
1108 1625 1132 1672 g.
1143 1611 1243 1672 couj.b.

246 1673 379 1735 putrisque
388 1673 482 1720 marim
492 1671 568 1719 uitem
595 1685 643 1718 .eu
673 1667 788 1718 .Pristee
796 1670 1059 1721 neaeman-ott.

278 1737 334 1786 645.
352 1683 596 1800 Oecsesimeqm'turi
614 1748 632 1783 ι.
726 1749 799 1782 omee
832 1739 882 1785 itur
892 1737 989 1800 BEGg.
1008 1737 1101 1786 Oceano
1110 1739 1244 1802 insequitur

245 1801 386 1862 demcouj.
400 1801 425 1849 b.
452 1800 538 1863 (ibid.)
557 1803 680 1848 rsetuentie
699 1801 799 1863 oiryimis
836 1801 877 1849 Sio
896 1801 981 1866 scripsi
1000 1819 1031 1851 ex
1047 1802 1126 1862 Arati,
1144 1820 1168 1852 v.
1180 1805 1243 1853 629:

245 1866 276 1916 ri
287 1863 312 1915 ii
325 1863 348 1914 oi
359 1862 426 1929 μέγα
436 1862 511 1930 δεῖμα
522 1862 620 1924 Κὴτεος
632 1863 661 1923 rie
679 1865 730 1921 όεις
746 1863 836 1930 ἐπάγει
854 1864 939 1924 νότος.
973 1867 1008 1916 Et
1020 1867 1117 1927 Avieni,
1134 1884 1158 1916 v.
1172 1870 1243 1922 1157.

246 1931 281 1980 Ae
292 1931 453 1994 formidatam
469 1937 516 1980 oet.
532 1935 608 1980 seeretis
618 1881 706 1994 (eiciet
716 1933 817 1994 oiryimis
827 1930 858 1979 E.
874 1935 990 1980 venientis
1000 1939 1022 1980 et
1033 1935 1132 1995 oirpinm
1144 1933 1173 1981 B.
1190 1935 1243 1996 (sed

245 1995 272 2044 in
283 1997 329 2044 hoo
340 2003 362 2046 et
373 1995 463 2045 lineola
473 2003 591 2056 notatum,
603 2004 727 2059 tamquam
739 1995 889 2059 delendum.)
903 1997 934 2045 G.
946 1997 1034 2060 Margo
1046 1998 1077 2046 E.
1089 2013 1114 2060 g.
1131 2002 1246 2047 venientis

245 2063 345 2124 υἰτφίηὲτ
354 2061 384 2109 de
394 2077 419 2124 g.
430 2061 493 2123 oonj.
503 2061 528 2111 b.
544 2066 661 2111 uenientia
672 2063 773 2123 otrotru
783 2076 803 2110 s.
814 2062 969 2125 σαψ-ΟΒ,

279 2127 334 2174 646.
354 2126 437 2174 Gauda
449 2141 468 2174 s.
479 2127 544 2189 oonj.
560 2134 633 2191 eaput
649 2126 747 2176 abditur
763 2129 813 2189 ipse
833 2125 862 2175 R.
878 2124 906 2176 0.
923 2127 987 2175 alios
1004 2129 1107 2176 intectus
1124 2127 1197 2178 Voss.
1216 2129 1247 2177 od

278 2206 450 2319 titii'itepatis
469 2254 583 2320 cepteu]
600 2256 704 2306 Videtur
722 2257 805 2305 deesse
823 2271 908 2305 versus
926 2255 1014 2304 similis
1023 2255 1061 2304 illi
1079 2256 1246 2316 Ciceronum,

247 2321 311 2370 666:
329 2320 494 2370 Huaeeootro
510 2321 614 2384 Cepheus
628 2338 676 2371 mom
694 2327 769 2370 eeeeat
787 2322 880 2370 tendere
895 2322 998 2384 palmae.
1032 2321 1154 2370 Dissentio
1164 2331 1247 2372 eutem

245 2386 277 2434 sb
288 2386 372 2436 Arato.
407 2385 473 2434 Nem
491 2401 548 2434 oum
564 2386 607 2435 ille
625 2387 733 2445 dixisset,
754 2387 852 2450 Cophes
869 2387 948 2450 eapite
958 2401 1034 2435 mauu
1043 2394 1067 2434 et
1077 2386 1180 2436 humero
1191 2389 1247 2437 sub-

246 2451 333 2514 mergi,
345 2449 426 2498 vetius
437 2450 535 2514 Cepheo
544 2450 664 2502 intectum
675 2452 705 2501 sb
716 2452 788 2500 undis
799 2452 865 2500 dieit.
898 2451 924 2500 N
925 2465 965 2500 am
981 2451 1007 2499 iu
1022 2451 1156 2500 elevatione
1174 2453 1247 2502 Cnidi

247 2523 272 2565 et
282 2515 403 2564 similibus
421 2515 535 2578 Cepheus
553 2530 606 2565 nou
624 2517 719 2565 oceidit
754 2516 869 2580 Iieqoiem
887 2531 944 2565 sero
962 2515 1024 2564 dixit
1040 2517 1122 2580 ipsum
1143 2517 1246 2581 Regem.

248 2580 335 2644 Neque
346 2579 416 2629 aliter
432 2580 457 2629 N
459 2596 538 2630 onnus
554 2581 580 2629 in
594 2582 734 2646 paraphrasi
751 2581 878 2646 Regulum
888 2588 959 2631 voest
969 2578 1111 2645 βασιλήϊον
1122 2578 1248 2648 ἄνδρα.-

248 2645 581 2708 Gn.-SCH.—eepioeue
591 2647 737 2696 ltu-ou.

280 2710 335 2759 648.
356 2709 434 2768 Quom
453 2710 532 2759 clarus
544 2712 644 2774 jieiserit
660 2710 749 2774 annm]
775 2711 842 2775 Lege
863 2727 936 2775 queem
953 2711 1032 2760 olores
1046 2712 1142 2774 superit
1162 2714 1247 2760 omnis.

248 2774 327 2823 Simul
339 2775 405 2824 euim
423 2775 537 2838 SeorpIue
549 2777 633 2835 oritur,
648 2784 673 2825 et
684 2777 807 2825 Eridanus
818 2776 1247 2826 oceidit-Gn.-SCH.—-Seor-

243 2839 311 2903 pios]
329 2840 366 2888 bis
378 2840 411 2887 Ε.
422 2855 446 2902 g.
466 2841 579 2901 (eote.)
605 2844 716 2906 Scorpius
731 2858 755 2905 g.
773 2843 805 2904 (v.
816 2842 883 2902 649.)
906 2843 943 2890 sb.
969 2840 1085 2904 Scorpion
1104 2841 1135 2891 B.
1160 2840 1248 2903 (Iud.)

247 2921 320 2967 quum
331 2904 519 2969 eloruesuperit]
537 2906 566 2954 de
577 2922 602 2969 g.
614 2908 677 2969 conj.
690 2908 725 2956 sb.
742 2923 813 2970 quom
824 2906 882 2969 (sie)
893 2909 1075 2968 clomsfielseoit
1085 2907 1159 2969 BGg.
1175 2923 1249 2970 quom

247 2971 422 3030 clarissulserit
435 2969 464 3018 Ε.
482 2971 567 3032 (ibid.)
583 2971 679 3035 Amnis]
699 2973 752 3020 BE.
764 2972 803 3033 (ut
812 2973 907 3020 emend.
920 2972 955 3035 g.)
965 2973 1002 3019 sb.
1018 2987 1096 3020 onnus
1108 2971 1248 3033 (sp-on.

281 3035 338 3082 650.
355 3034 384 3082 Si
401 3038 452 3083 voti
466 3035 576 3100 placato]
595 3038 662 3101 Lege
682 3035 1043 3099 Sis.-Gu.-SCH.-Sis]
1061 3037 1091 3085 de
1102 3052 1125 3100 g.
1137 3037 1201 3100 oouj.
1213 3038 1248 3085 sb.

247 3099 276 3148 se·
287 3100 475 3162 BEGg.—OR.

280 3164 338 3214 651.
355 3167 420 3212 Nam
430 3180 471 3227 epo
482 3165 596 3216 b.-0R.

281 3230 336 3278 652.
356 3229 404 3286 Qui
415 3230 522 3294 tompore]
541 3232 608 3293 Lego
619 3229 1140 3294 cooetoqere.-un.-scH.—qooouam
1157 3232 1248 3278 eontin-

245 3293 313 3358 pere]
331 3295 385 3344 BE.
403 3294 537 3355 (firmantes
548 3297 668 3344 emendat.
679 3296 713 3359 g.)
730 3298 767 3345 sb.
785 3295 902 3360 quondum
913 3298 955 3358 qui
965 3303 1060 3359 torpere
1072 3296 1210 3358 Get-ou.

283 3362 340 3410 653.
359 3358 439 3422 Dives]
461 3360 558 3409 Disnae.
592 3361 710 3409 Fabulam
723 3362 794 3410 docet
804 3362 878 3410 etiem
889 3361 993 3408 Nounus
1006 3361 1109 3424 Dionys.
1123 3359 1248 3409 XLVIII.

249 3444 270 3477 v.
283 3428 338 3484 398,
351 3440 418 3538 sopp.
431 3431 456 3473 et
466 3425 536 3476 Osid.
549 3427 614 3475 Fsst
625 3427 658 3474 V.
669 3426 724 3486 537,
736 3443 803 3490 seqq.
824 3433 849 3474 et
860 3426 959 3474 Servius
970 3425 1000 3474 sd
1011 3426 1111 3474 AEneid.
1130 3425 1173 3473 lib.
1187 3425 1207 3474 I.
1223 3440 1248 3474 v.

282 3559 338 3606 654.
361 3556 466 3604 Devotue
473 3555 560 3619 poeno]
573 3555 613 3603 ste
624 3571 705 3618 supro,
715 3572 740 3606 v.
751 3555 797 3606 247
806 3572 812 3604 e
824 3555 932 3604 devotum
942 3558 1056 3621 sirpiuem
1064 3555 1133 3603 dixit.
1161 3553 1250 3616 Neque

248 3623 318 3672 aliter
330 3619 450 3669 Horatius
458 3619 552 3668 Devota
561 3623 632 3670 morti
640 3627 742 3683 pectora
778 3620 941 3671 un-scH.

281 3689 337 3736 655.
354 3684 460 3746 Arepusto
472 3686 564 3748 stipite]
586 3686 726 3748 Augustum
739 3685 848 3749 stipitem
858 3693 929 3735 vocat
946 3685 1011 3748 quod
1027 3684 1119 3733 Aratus
1136 3681 1250 3748 κορύνῆν

248 3759 291 3802 sut
302 3751 383 3817 potIus
395 3748 556 3814 προβόλαιον
574 3751 624 3800 sive
642 3749 764 3813 σιβύνην,
781 3750 879 3813 qualem
889 3751 979 3798 hebere
989 3751 1066 3798 fertur
1078 3749 1171 3798 Chiton
1182 3751 1250 3798 sinu-

247 3819 305 3867 liter
323 3823 432 3865 venator.
465 3817 543 3864 Erunt
564 3823 646 3864 eutem
669 3817 763 3880 stipites
784 3831 887 3864 acumen
909 3816 1035 3872 hebentes,
1056 3829 1163 3878 quorum
1185 3830 1250 3878 saepe

192 3877 195 3888 ’
248 3882 342 3932 mentio
358 3882 384 3930 in
402 3881 558 3946 cynegetieis
575 3881 755 3945 Xenophontis.
791 3881 842 3929 Gn.
875 3880 964 3929 Malim
975 3886 1084 3942 oopusto.
1118 3879 1250 3928 Rationem

248 3949 371 4012 duplicem
388 3948 442 3995 vide
458 3947 484 3993 in
502 3945 670 4009 explanatione
680 3947 754 3994 trium
764 3961 896 3995 numerum
907 3953 1018 3994 veterum
1027 3948 1047 4006 §.
1058 3944 1108 3993 XI.
1141 3945 1249 3993 Tertiam

248 4015 310 4063 oddo
319 4013 368 4071 hic,
380 4011 446 4075 quod
456 4011 627 4074 Xenophontis
638 4011 705 4060 Illius
716 4011 833 4061 autoritas
843 4011 873 4060 ed
881 4025 989 4075 praesens
997 4011 1123 4073 negotium
1131 4009 1249 4059 infirmior
