2902 4838
526 551 561 586 ou
574 551 761 591 rnounourrua
772 553 890 589 enarre.
1150 542 1219 592 lxxxi

226 677 388 741 Georgtll:
405 675 516 740 Eurique
534 675 688 741 Zephyrique
706 683 773 726 tonat
790 678 878 726 domm.
913 677 943 726 V.
956 679 995 736 29,
1012 677 1076 726 idem
1087 678 1219 742 legendum

223 745 337 807 putabat:
356 742 403 790 llis
415 741 477 789 idem
487 743 561 789 lentos
571 742 654 792 Pisces
663 758 716 790 cum
727 745 852 806 supprimit
862 745 931 806 iprrtr.
964 743 1048 792 Priora
1059 745 1125 793 enim
1135 747 1218 795 omnia

247 809 324 857 odiaoi
344 807 422 855 uidero
441 814 622 864 memoraverat,
644 807 670 854 in
686 823 741 870 quae
762 808 860 871 aliquod
878 808 968 856 Martio
988 809 1061 856 uideri
1078 809 1217 874 imperium.

276 879 310 920 tm
328 880 410 920 autem
428 871 498 931 dixit,
516 873 581 934 quie,
601 879 629 920 ut
645 873 679 920 ait
698 873 859 921 Germanicus
875 874 901 920 in
921 874 1100 931 Phaenomenie,
1118 891 1142 922 v.
1154 877 1216 924 243:

223 939 281 986 Nor
290 939 340 986 illie
350 937 408 986 liber
418 952 506 997 carrus,
521 938 562 985 red
573 938 666 985 vincalo
676 940 752 986 cauda
770 939 869 999 stapulo
885 944 1008 1002 atramque
1019 945 1096 987 tenent
1106 955 1154 988 ano
1164 943 1217 988 co'e'·

222 1007 291 1051 antia
307 1002 377 1050 modo.
411 1001 485 1051 Quod
500 1009 567 1065 patet
578 1017 607 1050 ex
620 1002 702 1061 leone,
720 1017 774 1065 pag.
788 1005 826 1062 39,
845 1003 883 1052 ed.
895 1004 964 1052 Grot.
976 1019 1025 1066 req.
1044 1020 1113 1052 versu
1131 1006 1218 1055 tercedit

222 1068 376 1116 scribendum
396 1081 439 1130 pro
462 1066 562 1124 tenebat,
583 1075 608 1116 et
623 1069 697 1124 att,
713 1072 821 1116 steterint
841 1083 884 1131 pro
905 1069 1218 1119 tremo.-BURM.-

224 1133 363 1196 Geminique
373 1147 397 1195 p.
421 1130 510 1195 (Ibid.)
527 1133 622 1180 domum
635 1131 707 1182 Helu.
724 1148 779 1180 acre
788 1133 874 1182 bonit
885 1133 1021 1182 Bu-olr.
1101 1181 1103 1186 .

255 1199 293 1244 25.
311 1197 387 1259 sydus
397 1212 420 1259 p.
436 1203 532 1260 equata
542 1212 566 1261 p.
585 1195 669 1244 cmm
678 1197 796 1260 p.-0R.

253 1263 293 1312 26.
311 1262 360 1310 Hie
370 1277 392 1310 v.
403 1261 430 1308 in
441 1262 487 1309 Cd.
498 1262 530 1309 A.
542 1262 680 1325 geminatur
691 1277 704 1310 e
714 1262 834 1326 praeoedd.
844 1263 938 1312 duobus
948 1263 1017 1312 ebert
1027 1278 1042 1312 a
1051 1262 1166 1328 p.-0R.

253 1327 293 1379 27.
310 1327 389 1376 Furor
400 1326 539 1375 Bo-olu

252 1393 292 1440 28.
309 1389 421 1454 Siccam]
437 1407 461 1455 p.
477 1390 564 1453 (ibid.)
579 1391 672 1440 nebulio
681 1391 829 1441 delectabitur
839 1391 955 1454 p.-0R.

253 1457 294 1507 29.
312 1456 446 1519 Pracipites
457 1455 581 1519 apimburrt
590 1457 705 1518 p.-0R.

252 1523 292 1571 30.
309 1521 472 1584 Supprimttp.
484 1519 1044 1585 Hiridemlmthiscecqoamsupprimitr'paie
1051 1521 1216 1572 Helm-OB..

251 1588 291 1636 tl.
307 1587 410 1650 Vetliper
424 1593 447 1634 et
462 1601 486 1649 p.
502 1588 601 1635 elatione
612 1602 636 1649 p.
653 1586 745 1634 traebat
765 1587 838 1636 etiam
850 1603 873 1650 p.
892 1586 979 1636 terrebit
996 1588 1043 1635 Bu.
1055 1594 1083 1636 ut
1093 1588 1126 1638 A.
1143 1604 1216 1638 uero.

219 1651 343 1700 ιιι-011.

251 1719 290 1765 32.
311 1716 381 1764 Tarte
391 1732 416 1779 p.
433 1719 522 1764 tonitru
533 1731 556 1779 p.
572 1715 644 1764 etler
653 1716 767 1778 p.-0n.

252 1783 292 1830 33.
309 1780 409 1830 Nimim
418 1796 442 1844 p.
459 1780 531 1829 audeo
542 1781 656 1845 p.—OR.

251 1848 291 1896 34.
308 1845 421 1895 Stetertnt
439 1847 487 1895 Bu.
505 1847 546 1894 sed
565 1846 695 1909 requiritur
712 1847 793 1909 potius
813 1845 916 1907 eciderit,
934 1852 1008 1895 utert
1023 1846 1214 1908 Phaeuomenon,

218 1912 397 1960 retu-01³.

251 1977 290 2025 35.
307 1977 424 2043 Effaadet
434 1982 495 2025 totas
504 1976 629 2024 violentior
639 1974 654 2003 ⁶
665 1979 761 2024 rramr‘rre
777 1974 850 2038 vires]
869 1975 925 2024 Nic.
938 1976 1055 2024 Heinsius
1066 1976 1092 2024 iu
1104 1978 1213 2040 margine

217 2043 349 2105 apographi
367 2043 502 2104 conjeceret
518 2043 620 2090 violento
639 2057 768 2101 murmure,
785 2041 824 2088 rel
842 2041 942 2098 turbine,
961 2041 1026 2104 quod
1042 2042 1139 2102 melius,
1156 2043 1214 2106 quia

216 2121 341 2156 murmura
355 2108 431 2155 Tauri
440 2121 498 2155 rnox
508 2115 650 2169 sequuntur.
684 2107 731 2154 Sed
741 2106 888 2154 retineamus
899 2108 1030 2164 violentior,
1047 2116 1072 2155 et
1082 2123 1139 2156 oum
1149 2108 1212 2156 iuno

217 2170 333 2220 Helvetio
354 2173 435 2235 potius
456 2172 581 2233 legumus:
600 2171 715 2236 Effaarlet
735 2177 795 2219 totae
815 2172 941 2219 violentior
960 2175 1054 2233 apmime
1073 2176 1143 2222 vireo.
1177 2173 1214 2222 Ut

216 2237 355 2284 immensum
372 2252 456 2299 agmen
473 2252 591 2300 aquarum
602 2237 704 2297 Virgilio
717 2237 739 2284 1.
757 2237 846 2298 Georg.
860 2239 922 2284 322:
940 2238 1007 2299 Scpe
1025 2241 1097 2286 etiam
1115 2241 1212 2287 immen-

215 2315 268 2349 rtem
278 2304 334 2350 caelo
345 2305 409 2350 venit
418 2316 502 2362 upmerr
512 2317 635 2365 uquarum,
649 2302 777 2364 Etsoedam
786 2302 920 2363 glomerant
936 2307 1081 2363 torpeatutcm
1100 2301 1213 2352 intritae

216 2369 276 2414 atrio
296 2367 401 2415 Collecta
418 2381 447 2414 ee
464 2367 513 2414 alto
531 2365 610 2414 auter.
645 2366 761 2430 Sequenti
779 2382 850 2414 versu
869 2367 1039 2430 corrigendum
1061 2365 1093 2414 Ar
1110 2369 1213 2417 modicos

215 2430 302 2480 mom
314 2433 388 2494 prom'
405 2446 458 2479 eam
475 2446 593 2480 murmure
613 2430 699 2480 Tauri.
712 2447 817 2493 monum
839 2433 945 2480 Taurum
962 2431 1081 2494 intellige,
1099 2439 1213 2496 utsupra

216 2495 264 2558 Ep.
272 2496 306 2545 xl.
317 2498 464 2560 [morasque
475 2496 520 2558 (uio
527 2495 636 2559 legend.)
644 2513 706 2559 yma
714 2496 816 2560 prm'mta
828 2511 923 2558 empore
936 2495 1041 2546 Tam-ru.
1074 2497 1122 2545 Sed
1132 2505 1213 2547 totum

215 2559 299 2609 locum
314 2562 380 2610 idem
397 2560 475 2609 Jonas
495 2561 624 2610 Helvetiae
642 2577 713 2609 versu
730 2576 779 2609 uno
796 2562 942 2624 transposito
960 2562 995 2609 sio
1013 2562 1211 2613 constituendum

216 2626 352 2675 divinabat:
372 2626 417 2674 Sed
426 2629 502 2688 nmyir
512 2625 613 2674 litterae
623 2630 729 2676 steterint
746 2642 800 2674 cum
816 2627 895 2674 uidero
910 2629 996 2690 partie,
1014 2625 1211 2691 Frugiferumque

217 2693 296 2740 Deam
307 2693 344 2739 rel
353 2689 481 2740 brumalem
494 2691 675 2753 Capricornum,
691 2690 726 2739 Ar
736 2692 837 2740 modicos
846 2691 934 2740 imbreo
945 2694 1017 2754 prom
1027 2707 1080 2740 cam
1092 2707 1212 2742 mamere

220 2754 298 2804 Tauri
319 2755 406 2819 Aliger,
430 2761 453 2804 et
468 2756 563 2820 liquoda
582 2771 631 2804 nort
646 2755 759 2804 moruch
775 2755 859 2804 aetlrcre
871 2757 961 2818 findet,
981 2757 1089 2819 Insertae
1110 2756 1210 2818 Cancro,

217 2826 301 2882 terrae,
319 2837 373 2870 ema
390 2821 470 2881 letifer
486 2827 540 2870 orta
559 2820 638 2870 Sirim
653 2821 752 2883 adflavit
771 2825 886 2880 nocituro,
905 2827 1018 2885 temperat
1034 2829 1110 2870 ostar.
1151 2823 1211 2872 Purt

215 2899 314 2936 versum
325 2901 380 2934 vero
391 2886 523 2935 secundam
530 2885 622 2948 aliquid
633 2886 717 2935 deiuue
725 2887 832 2950 putebat,
840 2902 897 2935 cum
908 2902 973 2935 eaeru
982 2887 1064 2935 omniu
1072 2888 1098 2935 in
1110 2887 1211 2950 Virgine

216 2956 241 2999 et
260 2951 407 3014 Capricorno
425 2957 529 3002 moreat.
561 2951 623 2999 Vide
642 2953 776 3000 secundum
795 2952 936 3001 Germanioi
953 2952 1128 3014 Fragmentum
1145 2954 1211 3016 apud

218 3016 340 3074 Grotium,
358 3031 382 3079 p.
402 3017 455 3075 127,
478 3017 534 3064 dein
551 3016 678 3065 verissima
696 3016 833 3066 emendatio
853 3024 899 3077 est,
917 3017 1007 3130 lignido
1025 3033 1073 3066 aar
1090 3034 1163 3066 rcum
1179 3018 1209 3067 ab

215 3080 503 3142 aetlrercfirrdet,1accrtm
515 3081 705 3140 Cancro,terrar.
736 3080 926 3144 Terrosfiadcre
951 3083 990 3130 irii
998 3081 1116 3140 adinstar,
1124 3090 1211 3132 uotum

216 3147 275 3209 quid
285 3147 323 3194 uit.
358 3145 509 3195 Mercurium
519 3162 568 3195 non
578 3148 693 3196 fissuram
703 3154 778 3196 terrm
785 3147 867 3210 rapido
875 3147 920 3195 sub
930 3147 1007 3196 ridere
1020 3147 1115 3206 Caneri,
1123 3148 1211 3198 docent

215 3211 410 3274 sequentiarum
428 3210 506 3274 letifer
523 3218 577 3260 ortu
597 3212 675 3261 Sirius
693 3212 793 3273 adflavit
809 3215 923 3269 nocituro,
940 3220 1015 3261 terrae
1030 3228 1126 3275 nempe,
1144 3214 1211 3276 quod

215 3277 382 3339 repetendum,
401 3284 430 3325 ιιι
446 3277 473 3324 in
491 3276 534 3325 illo
550 3277 619 3340 Virg.
637 3277 669 3325 V.
689 3277 749 3325 AEn.
766 3277 829 3329 739:
846 3275 882 3324 Et
898 3292 935 3325 me
950 3294 1022 3326 sarar
1041 3281 1106 3342 equis
1126 3277 1211 3327 On'erm

215 3343 315 3404 adflavit
330 3340 429 3390 anhelii.
463 3341 512 3390 Ille
530 3349 613 3391 autem
631 3347 684 3390 orta
700 3345 806 3391 nocitura
823 3341 1017 3404 interpunctione
1029 3343 1185 3391 discernendo
1195 3360 1211 3391 a

216 3407 382 3469 sequentibus,
394 3413 419 3455 et
428 3409 536 3456 nocituro
547 3407 717 3470 corrigendum
735 3415 786 3456 eret
802 3422 845 3470 pro
862 3411 988 3455 nocituros.
1021 3407 1086 3456 Tum
1097 3412 1210 3470 temperat

215 3477 283 3520 cetae
298 3471 428 3534 legendum
444 3487 488 3534 pro
502 3477 577 3520 artat.
612 3472 737 3521 Nimirum
753 3472 810 3535 quia
820 3470 893 3532 javat
908 3487 969 3520 aura
983 3471 1085 3529 Favoni,
1097 3479 1125 3520 ut
1135 3480 1172 3520 est
1183 3473 1210 3521 in

215 3536 301 3599 fragm.
313 3536 377 3600 opud
390 3537 460 3586 Grot.
479 3553 533 3600 pag.
547 3536 601 3595 127,
612 3545 636 3586 et
647 3538 682 3585 uio
691 3537 822 3600 legendam
832 3537 859 3585 in
869 3535 974 3596 Arateis,
990 3537 1019 3586 de
1031 3537 1101 3595 Sirio,
1117 3552 1141 3585 r.
1153 3539 1209 3595 352,

215 3617 271 3665 pag.
281 3603 320 3660 60,
332 3617 362 3650 ex
371 3608 467 3651 vetusto
479 3602 594 3665 Scaligeri
605 3603 702 3650 codice:
721 3602 782 3651 Cam
796 3604 873 3664 tetigit
888 3600 953 3651 Satio
967 3601 1056 3662 radice,
1074 3602 1211 3650 accenditur

215 3675 293 3715 uetat.
327 3667 353 3714 N
354 3681 385 3714 ou
401 3667 815 3717 cetar.—BURM.-·violenttor
825 3669 921 3715 rumim
930 3671 991 3716 cirea
999 3683 1023 3731 p.
1040 3668 1140 3716 uiolento
1160 3672 1209 3716 tur-

216 3731 270 3780 bine
281 3731 319 3780 vel
330 3746 449 3781 memore
460 3732 546 3781 Heinr.
562 3733 687 3781 uiolentior
696 3735 789 3795 apmiac
800 3732 961 3781 Helm-01³.

248 3797 288 3845 to.
305 3796 381 3846 Proui
392 3797 449 3860 (oio)
461 3813 514 3846 oum
524 3813 645 3846 murmura
655 3796 773 3862 p.·-0R.

248 3863 290 3912 38.
307 3860 389 3925 Aliger
399 3868 421 3910 et
431 3862 547 3926 p.-01t.

249 3927 288 3976 39.
307 3927 414 3988 Letlrr'ser
423 3927 536 3990 p.—0R.

248 3993 289 4042 4⁰.
305 3991 385 4042 Striar
405 3992 498 4055 afflavit
513 4006 538 4055 p.
566 3991 653 4056 (ibid.)
678 3999 746 4042 artae
761 4007 786 4055 p.
821 3991 911 4041 Totum
929 3991 1011 4041 locum
1030 3991 1065 4040 uic
1083 3991 1210 4041 constituit

216 4055 358 4108 Helvetios:
376 4057 424 4108 Sed
433 4061 509 4122 magio
518 4056 618 4109 turma
628 4061 737 4108 steterint
748 4072 820 4122 quum
830 4057 908 4106 eidem
915 4059 1002 4121 partie,
1014 4057 1209 4122 Fruqiterampae
