2902 4838
573 595 607 629 ιιιι
620 593 826 632 ιιιιιιιιιιιιιιτιι.
1141 583 1197 631 xcix

205 734 230 786 p.
244 721 305 770 1³4.
321 719 420 769 Viderat
437 720 567 769 exanimem
585 727 663 770 mater
679 723 800 799 Byzantio
812 725 902 781 natam,
915 719 1198 798 &c.qpodrllergnob1h

206 787 270 844 luco,
281 786 410 834 infarciens
420 785 449 833 de
461 801 505 833 suo
516 786 646 834 nonnullos
658 801 740 834 versus
751 787 873 844 insititios,
884 787 1010 862 poematiis
1025 787 1076 834 suis
1087 787 1197 834 intexuit.

206 851 283 899 Aliud
292 851 376 898 itidem
387 851 451 913 apud
461 851 524 899 Pith.
537 851 591 898 eod.
600 851 669 908 libro,
681 867 735 928 pag.
749 855 802 908 1⁰2,
814 867 856 914 pro
868 851 966 913 antiquo
978 851 1122 910 venditatur,
1134 853 1199 914 quod

206 915 331 964 abeodem
345 915 451 963 Marullo
461 915 547 964 fictum
557 931 585 964 ac
595 917 747 979 suppositum
764 917 887 966 Antonius
906 917 1059 978 Augustinus
1079 887 1199 976 crellebat,

208 987 237 1028 ut
247 996 290 1028 suo
303 980 355 1028 loco
366 981 511 1028 notabimus.

240 1047 265 1092 2.
282 1045 347 1108 Soepe
359 1048 429 1092 etiam
439 1047 525 1108 ignotis
535 1047 584 1107 ipae
595 1045 648 1094 dedi
658 1045 774 1110 requiem]
795 1046 886 1094 Sensus
896 1045 971 1108 hujus
982 1059 1065 1093 versus
1078 1051 1122 1105 est,
1136 1045 1197 1093 Ger-

207 1109 330 1158 manicum
342 1125 406 1172 saepe
418 1109 521 1158 aliorum
530 1111 580 1158 uita
592 1111 767 1172 defunctorum,
779 1118 803 1160 et
815 1110 913 1174 quidem
923 1111 1069 1172 ignotorum,
1086 1111 1199 1159 manibus

207 1174 301 1222 dedisse
311 1175 417 1234 inferias,
436 1175 534 1237 proinde
549 1175 615 1223 idem
633 1177 729 1238 pietatis
751 1177 865 1234 officium,
883 1176 948 1238 quod
958 1176 1010 1238 ipse
1021 1190 1085 1236 saepe
1096 1175 1199 1223 aliorum

208 1238 309 1287 tumulis
326 1240 477 1302 prestiterat,
492 1240 548 1302 jure
565 1241 611 1288 sibi
629 1241 702 1288 etiam
720 1241 828 1291 exhiberi
844 1241 912 1303 petit,
931 1246 955 1287 et
965 1247 1029 1288 recte
1041 1241 1199 1288 Casaubonus

207 1304 256 1352 huc
272 1305 355 1352 retulit
371 1305 444 1353 verba
463 1305 572 1352 Suetonii
582 1305 608 1353 in
625 1305 704 1367 Calig.
723 1321 775 1368 cap.
788 1308 811 1366 3,
829 1306 858 1353 de
871 1305 1031 1353 GermanIco:
1049 1304 1131 1353 Sicubi
1150 1307 1198 1354 cla·

207 1385 288 1418 rorum
297 1371 402 1418 oboram
412 1369 534 1432 sepulchra
546 1376 697 1432 copmaccret,
708 1373 807 1434 insertas
818 1370 926 1418 mauibm
937 1369 1018 1418 dabat.

241 1435 265 1482 3.
284 1433 382 1490 Quodne
394 1450 462 1497 quem
479 1435 565 1482 tumuli
580 1435 643 1482 nibil
659 1435 740 1500 bajus]
759 1439 824 1484 tituli
839 1433 929 1484 rectms
939 1435 1003 1496 apud
1014 1433 1158 1492 Marullum
1172 1442 1201 1482 ιιι

207 1498 316 1555 videtur,
332 1515 390 1547 nam
407 1515 484 1561 quum
501 1500 580 1562 prImo
600 1515 671 1548 versu
690 1501 847 1563 praecesaerit,
865 1499 1142 1561 Pcrceboapeatnmulo‚
1160 1500 1200 1548 hie

208 1563 287 1611 denuo
298 1564 407 1612 eamdem
419 1579 503 1613 vocem
513 1579 635 1612 recurrere
646 1565 779 1628 inelegans,
792 1573 816 1614 et
826 1567 856 1613 ab
867 1563 1057 1627 EpIgrammatis
1067 1565 1141 1626 hujus
1149 1565 1199 1613 ele-

208 1629 291 1691 gantra
302 1629 421 1678 abhorret
456 1629 605 1692 Frequenter
627 1639 710 1678 autem
730 1631 811 1679 haec
804 1631 909 1679 invicem
930 1629 1074 1678 commutari
1095 1629 1200 1678 vidimus

208 1709 238 1741 su
255 1709 288 1742 ra.

238 1709 264 1806 l.
282 1758 412 1806 Admoneat
426 1761 512 1820 patrie
524 1759 615 1820 fraude
634 1761 695 1822 qnod
713 1758 752 1807 bic
766 1757 856 1822 jaceo]
875 1757 915 1806 Sic
926 1757 1001 1805 edidit
1017 1758 1135 1806 Pithoeus.
1168 1761 1201 1807 Ar

209 1829 308 1884 moveat,
325 1826 407 1886 patric
418 1824 509 1886 froude
528 1829 606 1872 exstat
622 1825 687 1887 apud
705 1823 848 1883 Marullum,
868 1824 942 1885 idque
958 1823 1025 1872 libris
1036 1825 1086 1871 suia
1097 1824 1200 1888 adscrip-

210 1896 292 1936 serant
312 1889 443 1936 Scriverius
464 1896 488 1937 et
509 1889 634 1937 Heinsius.
684 1888 737 1936 Nec
758 1888 828 1937 aliter
848 1888 991 1936 emendabat
1011 1889 1146 1936 casaubon.
1170 1891 1201 1937 ad

211 1952 311 2002 Sueton.
323 1953 401 2014 Calig.
412 1969 463 2016 cap.
475 1955 499 2011 5,
509 1955 551 2001 ubi
564 1960 642 2001 totum
660 1953 706 2000 hoc
723 1969 820 2002 carmen
839 1954 923 2012 adfert,
940 1953 1013 2015 idque
1030 1952 1164 2016 elegantius
1176 1963 1201 2002 et

210 2017 241 2064 ad
251 2018 358 2067 histon'ae
372 2018 446 2066 fidem
462 2018 644 2067 convenientius
661 2018 707 2066 sibi
725 2019 801 2066 videri
820 2019 893 2068 addit.
927 2017 1000 2068 Quod
1010 2018 1103 2067 adtinet
1112 2019 1143 2066 ad
1153 2020 1201 2082 pri·

210 2097 277 2130 orem
288 2082 488 2140 emendationem,
504 2085 539 2132 Aa
550 2088 648 2140 omnent,
665 2099 708 2146 pro
719 2084 851 2142 admoveant,
861 2083 919 2132 licet
929 2083 990 2131 illud
1002 2083 1092 2132 ibidem
1104 2084 1201 2133 Graevio

211 2162 237 2194 se
247 2148 365 2210 probaret,
384 2147 446 2195 mihi
463 2154 544 2196 tamen
555 2162 603 2196 non
615 2148 709 2196 videtur
719 2148 903 2197 admittendum.
936 2148 1065 2197 Adoreoaere
1077 2149 1143 2197 enim
1153 2150 1201 2198 ele-

211 2213 279 2274 ganti
297 2213 471 2274 significatione
489 2213 577 2261 dicitur
596 2228 668 2260 omne
685 2213 718 2273 id,
745 2213 810 2276 quod
827 2213 908 2276 aliquo
927 2228 984 2260 cum
1002 2214 1086 2262 aculeo
1106 2230 1134 2262 ac
1153 2215 1201 2262 telo

211 2277 284 2325 alicui
300 2277 326 2326 in
344 2278 488 2325 memoriam
506 2278 583 2326 redita
599 2285 627 2325 ut
645 2279 741 2340 egregie
758 2279 824 2327 hunc
844 2279 909 2327 vocis
928 2293 1002 2326 usum
1020 2278 1203 2328 illustraverunt

213 2341 320 2390 Gronov.
332 2342 436 2392 Diatrib.
448 2343 548 2391 Statian.
559 2358 611 2406 cap.
623 2343 720 2390 XLIX.
738 2343 823 2392 Heius.
835 2344 866 2391 ad
876 2343 947 2390 Ovid.
960 2343 1039 2405 Epist
1051 2342 1201 2401 111.v.132,

212 2413 237 2454 et
253 2407 316 2455 notis
337 2407 434 2456 Ineditis
455 2409 485 2456 ad
504 2407 580 2456 Tacit.
600 2408 629 2456 de
647 2408 732 2455 morib.
750 2408 833 2456 Germ.
855 2423 908 2471 cap.
925 2407 1064 2458 XXXVII.
1096 2408 1202 2458 Patruus

212 2486 282 2520 meus
299 2472 331 2520 ad
349 2472 419 2520 Ovid.
439 2473 518 2536 Epist.
530 2472 587 2521 XV.
598 2473 652 2526 104.
671 2480 696 2520 et
707 2473 845 2522 Broukhus.
857 2473 887 2520 ad
904 2472 994 2521 Tibull.
1013 2472 1069 2520 Lib.
1081 2472 1103 2520 I.
1122 2473 1164 2523 El.
1177 2474 1201 2532 6,

211 2551 236 2584 v.
247 2539 272 2585 4.
304 2536 417 2585 Alterum
427 2538 490 2585 illud
495 2537 671 2600 patriafraude
682 2537 762 2585 verius
773 2545 817 2595 est,
828 2538 875 2585 nisi
886 2553 943 2585 cum
955 2537 1052 2585 Graevio
1063 2543 1088 2585 et
1098 2537 1202 2586 Heinsio

211 2601 284 2648 malis
299 2609 387 2664 potura
397 2603 496 2664 fraude,
523 2610 551 2651 ut
566 2601 687 2664 intelligat
704 2602 771 2650 dolos
789 2603 879 2650 Tiberii
898 2603 1008 2660 Caesaris,
1027 2602 1114 2665 quibus
1130 2603 1203 2665 periit

214 2666 382 2726 Germanicus,
394 2667 450 2729 (vid.
464 2668 562 2716 Sueton.
575 2667 655 2729 Calig.
672 2683 723 2730 cap.
735 2667 760 2728 2)
779 2669 849 2730 cnjus
859 2674 927 2730 pater
936 2682 979 2729 per
988 2667 1140 2730 adoptionem
1151 2675 1203 2717 erat

213 2731 332 2792 liberius,
342 2739 428 2780 natura
436 2747 491 2780 vero
503 2739 610 2795 patruus.
643 2732 704 2780 Vide
717 2732 839 2781 Drakenb.
850 2733 881 2780 ad
893 2732 989 2790 Silium,
1003 2733 1056 2780 Lib.
1064 2732 1121 2794 XV.
1132 2748 1154 2781 v.
1163 2734 1202 2782 10.

213 2796 272 2844 Huc
289 2804 399 2859 spectant
418 2797 541 2845 Iurnurm
563 2797 722 2845 Gaaunurcr
742 2797 917 2845 memorataein
929 2797 988 2847 Tab.
1006 2797 1140 2856 Antiatina,
1159 2799 1202 2846 ubi

212 2861 267 2909 vide
283 2861 368 2924 Vulpii
386 2868 463 2920 notas,
483 2877 508 2924 p.
519 2863 558 2909 35.
592 2861 691 2910 clariss.
710 2863 900 2924 Cannegieterus
918 2863 992 2910 etiam
1002 2862 1033 2909 ad
1043 2861 1131 2910 Avieni
1142 2863 1202 2913 Fab.

213 2926 312 2974 XXVI.
326 2941 381 2988 pag.
393 2927 448 2987 156,
460 2927 579 2985 emendat,
592 2925 623 2974 At
633 2933 731 2985 moneat,
738 2931 828 2990 patria,
840 2927 879 2976 vel
886 2927 1073 2990 patruijioude.
1107 2926 1202 2977 Quam·

213 2991 250 3038 vis
260 2997 343 3038 autem
352 3006 438 3054 parum
448 2991 536 3040 referre
546 2991 622 3039 videri
631 3000 720 3055 posset,
731 3008 762 3040 an
768 2998 866 3054 patrata,
883 2999 925 3040 aut
933 2995 1017 3054 patrio
1026 2991 1128 3054 legatur,
1146 2993 1204 3055 quia

213 3063 344 3118 utrumque
355 3057 384 3104 de
395 3057 491 3104 Tiberio
507 3056 701 3118 intelligendum,
720 3058 852 3120 amplector
862 3064 944 3104 tamen
955 3056 1040 3104 Patrai
1049 3057 1098 3104 mei
1109 3066 1203 3106 senten·

214 3121 281 3180 tiam,
298 3121 340 3183 qui
351 3121 381 3169 ad
393 3121 492 3170 Sueton.
501 3122 604 3179 monuit,
616 3123 704 3170 rectius
715 3137 767 3169 esse
773 3121 958 3185 patriasraude,
970 3121 1027 3184 quia
1036 3121 1178 3171 invidiosius
1189 3139 1204 3172 a

214 3192 280 3247 patre
292 3192 486 3248 quamapatruo
504 3186 589 3242 occidi,
607 3202 686 3249 neque
706 3201 800 3249 semper
820 3187 922 3234 Heinsio
938 3187 1124 3234 auscultandum
1142 3203 1203 3248 esse,

213 3250 256 3298 ubi
273 3265 357 3299 rocem
374 3251 442 3298 illam
459 3256 560 3313 patruus
577 3251 665 3313 ubique
681 3252 730 3298 sere
740 3251 854 3300 inculcat
885 3251 948 3299 Vide
960 3253 990 3299 ad
1001 3251 1071 3300 ovid.
1083 3252 1137 3301 Lib.
1149 3252 1204 3303 111.

215 3313 273 3364 Am.
290 3314 331 3362 El.
349 3315 372 3372 6,
391 3331 414 3364 v.
425 3316 464 3374 49,
482 3323 506 3363 et
524 3315 569 3365 IV.
587 3316 651 3364 Fast.
670 3319 709 3373 55,
732 3319 814 3377 patria
829 3317 904 3378 igitur
924 3319 999 3380 fraus
1015 3332 1059 3380 pro
1076 3318 1158 3381 patris,
1176 3325 1203 3366 ut

211 3383 297 3442 patrie
312 3395 394 3442 preces
412 3380 510 3428 Senecae
522 3380 595 3428 Herc.
608 3381 664 3430 Fur.
678 3396 700 3429 v.
714 3382 784 3440 1272,
796 3381 831 3430 bia
838 3385 924 3444 patrie
935 3384 1036 3431 cecidere
1045 3397 1129 3430 ιιιιιιιι
1139 3383 1204 3444 apud

214 3444 283 3507 Virg.
293 3444 339 3492 VI.
350 3445 410 3493 AEn.
428 3461 450 3493 v
461 3447 500 3502 33
514 3445 542 3492 de
555 3446 664 3504 Daedalo,
681 3447 763 3508 patric
773 3453 855 3509 raptus
864 3447 914 3495 od
904 3463 958 3509 agrae
968 3462 1041 3495 ιιιαιιιι
1050 3447 1114 3509 apud
1131 3447 1207 3494 ovid.

216 3509 267 3558 III.
285 3511 350 3558 Fast.
368 3512 424 3569 504,
441 3511 733 3589 potrtaarmainEpigr.
744 3511 898 3574 deCaligula
915 3513 979 3588 apud
998 3511 1097 3560 Suetoo.
1115 3525 1167 3573 cap.
1178 3513 1202 3572 8,

214 3575 426 3688 ζιιιιιιιιίιιιιιιιιι,
443 3579 528 3638 patriis
545 3579 691 3626 nutrituram
706 3580 787 3636 armis,
805 3578 847 3625 ubi
858 3577 939 3624 male'
932 3592 958 3625 m
968 3576 1022 3625 aliis
1035 3578 1122 3639 patria,
1133 3583 1158 3624 et
1168 3576 1203 3626 sic

249 3640 272 3688 bi
299 3639 381 3689 assim.

248 3707 273 3752 5.
281 3656 407 3761 Ρῼιιιιιιιιιιι
423 3720 471 3752 non
488 3708 541 3753 vite
551 3711 575 3752 et
583 3705 666 3768 plenas
683 3703 789 3768 bonoria]
808 3705 885 3754 Recte
898 3705 1029 3754 Scriverius
1041 3710 1065 3753 et
1076 3703 1203 3766 Heinsius,

215 3771 332 3832 atplenua
342 3769 442 3819 bonoria.
475 3769 597 3818 Marullus
616 3771 689 3832 dedit,
705 3776 731 3817 at
745 3772 829 3833 plenus
847 3772 969 3819 botrorum.
1004 3768 1036 3818 Aa
1050 3769 1124 3818 etiam
1139 3771 1204 3832 apud

216 3835 395 3883 Casaubonum
428 3835 482 3883 Hoc
491 3834 549 3883 licet
564 3835 661 3883 levioris
678 3835 714 3883 rei
732 3851 784 3884 esse
802 3851 852 3884 non
870 3851 966 3898 negem,
986 3849 1049 3897 saepe
1060 3843 1141 3883 tamen
1152 3836 1203 3882 ani-

215 3900 340 3958 madverti,
359 3899 470 3948 voculam
488 3901 568 3959 istam,
588 3917 643 3963 quae
653 3901 683 3948 ad
694 3901 830 3963 oppositum
842 3901 964 3963 eleganter
972 3899 1065 3957 transit
1075 3899 1203 3947 alibrariis

214 3971 333 4013 mutatam
340 3971 383 4012 aut
393 3966 515 4021 omissam,
532 3965 585 4013 loca
594 3966 712 4013 nonnulla
722 3967 839 4025 turbasse,
851 3973 876 4014 et
886 3981 901 4012 a
912 3965 969 4013 viris
980 3965 1056 4012 doctis
1068 3972 1202 4027 opportune

215 4031 360 4089 restitutam,
380 4045 479 4078 sensnm
500 4029 598 4078 illorum
618 4032 746 4093 adjuvisse.
786 4000 859 4094 Apdd
879 4030 948 4092 Virg.
967 4030 1000 4080 X.
1018 4029 1076 4078 AEn.
1098 4044 1121 4076 v.
1140 4031 1201 4079 881:

216 4095 340 4144 Deainest
324 4097 600 4158 yomveniomoriturua
632 4095 777 4145 attactui
791 4101 861 4160 porto
874 4094 945 4144 Dona
960 4098 1035 4160 prim.
1069 4093 1109 4143 Sic
1121 4094 1204 4144 scribit
