2902 4838
531 534 567 568 nn
579 533 894 572 raconosrrcnnanrnr.
1179 529 1221 580 xci

257 658 294 706 1³.
313 655 423 720 Spatium
434 655 550 721 breviore]
568 659 621 722 gsb.
637 663 715 724 spatio
732 660 825 710 brevia
848 660 930 712 ΒΕΘ.
965 662 996 712 In
1015 663 1044 712 B.
1055 680 1175 730 ruperam.
1186 672 1220 734 q‘,

221 728 250 770 ut
262 722 309 778 sit;
327 723 560 787 breviorque-OB.

257 789 293 835 14.
314 787 441 852 Contenta]
453 790 504 852 gab.
522 795 637 839 contemto
648 789 679 838 Ε.
696 797 827 854 contenpto
839 792 988 844 BG.—0R.

256 854 293 901 15.
311 854 395 901 Annas
406 854 524 902 Β.-οΒ.

256 919 293 966 16.
313 919 419 967 Gradiue
431 918 461 967 E.
479 918 541 968 orbis
553 919 675 970 E.—0R.

256 1045 340 1097 Norae
354 1063 389 1097 nn
401 1048 485 1098 Fano.
497 1048 670 1099 IV.-Groecia
677 1049 836 1114 premerem]
848 1052 960 1102 Fortasse
973 1053 1056 1104 Caraca
1064 1053 1219 1122 τρίσγωνον.

220 1115 396 1174 Fragmentum
413 1114 495 1176 ipsum
511 1114 653 1178 repetiimus
664 1131 694 1163 ex
706 1115 823 1164 Prisciani
841 1115 903 1166 libro
921 1118 951 1167 de
969 1119 1098 1170 Ponderib.
1109 1131 1134 1171 et
1145 1124 1217 1172 Men·

220 1195 268 1228 sur.
279 1194 334 1241 pag.
348 1178 637 1242 850.-scH.—-1v.]
656 1181 794 1229 Priscianus
804 1182 830 1228 in
840 1182 902 1232 libro
912 1185 941 1231 de
949 1185 1070 1246 ponderib.
1080 1195 1103 1236 et
1113 1204 1217 1240 musar.

218 1261 242 1308 p.
256 1246 310 1293 859.
332 1244 432 1294 Putsch.
450 1243 537 1293 Krehl.
568 1244 623 1292 Vol.
642 1247 665 1304 2,
687 1261 711 1310 p.
730 1247 800 1294 402:
819 1247 902 1297 Caesar
921 1249 948 1296 in
966 1251 1056 1299 Arato:
1077 1253 1129 1302 Cur
1145 1255 1219 1302 divite
1260 1249 1264 1258 ’

219 1311 300 1373 lingua
316 1310 427 1368 ’fGraeio
443 1325 587 1372 procur-rom
598 1315 680 1372 potius
696 1327 767 1374 quom
783 1314 905 1377 triangula
920 1313 1019 1362 dicam?
1057 1316 1154 1367 Additit
1172 1320 1219 1368 hoe

218 1375 383 1438 fragmentum
394 1374 653 1424 schwartzius—Oli.

252 1443 274 1487 2.
293 1440 333 1488 Sic
346 1439 405 1488 eod.
417 1439 594 1488 Eiussiedlenis
613 1441 731 1489 Prisciani
750 1448 774 1489 et
785 1441 863 1496 noda
880 1442 906 1490 id
917 1445 982 1506 quod
1001 1444 1106 1509 intelligi
1120 1448 1213 1510 nequit.

220 1505 381 1552 Schwartrius
406 1504 513 1553 volebat:
542 1508 622 1555 croco
651 1504 792 1572 τρίςγωνον
814 1506 871 1569 (sic)
897 1511 978 1570 potina
1000 1526 1073 1573 quom
1094 1514 1216 1575 triangulo

218 1569 315 1618 dicam?
349 1569 396 1617 Sed
406 1569 502 1618 ridetur
517 1570 563 1619 hoe
575 1571 679 1633 requiri:
707 1571 756 1619 Gor
774 1573 848 1620 divite
863 1573 945 1636 linquo
960 1577 1050 1624 Gracia
1063 1578 1217 1639 praecerat?

213 1638 303 1697 potios,
316 1650 387 1698 ᾳααοι
404 1637 531 1698 triangulo,
542 1637 619 1684 dicam
635 1637 710 1698 sipon
723 1636 839 1700 trigono?
871 1637 931 1687 Voc.
944 1643 1064 1703 triangulo
1075 1643 1151 1691 tribus
1163 1642 1214 1707 syl-

217 1700 278 1748 labis
290 1707 398 1748 constare
409 1700 475 1757 feeit,
486 1708 611 1763 utcunque
627 1703 752 1749 scribetur.
785 1702 841 1750 Jam
853 1703 897 1753 eir.
911 1704 1043 1753 Manilium
1055 1709 1077 1764 2,
1091 1707 1146 1758 276.
1180 1707 1216 1758 Et

217 1781 357 1828 qrroeconqae
367 1765 437 1827 serit,
454 1765 566 1813 &cantor
575 1769 643 1829 sipon
653 1770 756 1828 tripooa.
790 1767 856 1816 Fieri
866 1775 948 1818 autem
958 1778 1046 1834 potest,
1066 1781 1095 1820 ut
1105 1772 1144 1820 his
1154 1773 1215 1835 ipris

217 1830 342 1878 versiculis
354 1831 515 1878 Germanicus
527 1831 610 1879 Caesar
620 1832 798 1894 reprehenderit
807 1832 946 1882 Manilium
971 1835 1078 1886 Quodsi
1091 1838 1215 1901 pmbabile

217 1902 272 2008 estb
274 1910 371 2009 1porum
380 1901 452 1958 atque
462 1895 613 1959 insperatum
624 1897 664 1944 hic
675 1897 793 1946 habemus
805 1898 834 1946 de
846 1898 944 1948 Manilii
954 1907 1025 1950 aetate
1037 1902 1213 1952 testimonium.

440 2404 502 2456 VII.
518 2404 622 2453 NOTAE
639 2403 690 2453 AD
707 2403 985 2454 EPIGRAMMATA.

462 2543 521 2614 [Εα
532 2543 590 2597 edd.
603 2541 691 2597 Soleo.
703 2544 795 2596 Burin.
809 2552 833 2597 et
843 2543 957 2616 Magea]

247 2704 332 2753 Nora.
346 2702 471 2752 nunno.
485 2701 580 2752 L-Ad
602 2703 714 2752 Hectoris
735 2701 863 2765 tumulum]
892 2704 1068 2753 Revocavimus
1090 2705 1137 2754 hoe
1159 2707 1210 2770 epi-

213 2785 324 2832 gramma
335 2785 365 2816 ex
382 2769 447 2817 Petri
464 2769 554 2817 Pithoei
566 2769 716 2832 Epigramm.
726 2767 809 2816 Veter.
828 2769 871 2817 lib.
883 2767 919 2817 11.
938 2784 994 2832 pag.
1005 2772 1045 2818 40.
1080 2771 1211 2821 Nobisvix

216 2833 355 2884 Germanici
366 2849 419 2882 esse
431 2834 531 2881 videtur.
565 2834 621 2881 Etsi
638 2833 703 2881 enim
720 2834 844 2881 meditatio
861 2834 921 2881 satis
938 2835 970 2882 sit
986 2841 1057 2883 acuta
1069 2843 1093 2884 et
1104 2837 1209 2896 subtilis,

212 2915 292 2964 neque
298 2900 369 2947 verba
377 2899 502 2948 sordeant:
512 2905 593 2946 tamen
604 2915 618 2946 a
627 2899 781 2960 simplicitate
788 2899 831 2946 illa
839 2904 863 2946 et
873 2899 991 2960 gravitate
1001 2900 1113 2949 Romane
1124 2902 1209 2950 abhor-

212 2980 265 3013 rere
276 2965 378 3013 videtur.
412 2964 478 3011 Nam
498 2963 658 3026 Epigramma
674 2964 720 3011 hoc
740 2970 765 3011 et
782 2978 898 3026 germana
915 2964 1040 3013 fortissimi
1056 2966 1162 3015 Achillis
1180 2984 1209 3017 ae

213 3029 398 3094 Myrmidonum
407 3029 485 3076 irrisio
495 3037 538 3086 est,
547 3036 571 3077 et
581 3028 675 3077 ludenti
686 3029 766 3092 potius
778 3043 851 3090 quam
862 3030 929 3091 gravi
941 3030 991 3078 viro
1003 3033 1123 3080 convenit.
1141 3032 1209 3082 Nam

212 3096 347 3143 extinctum
358 3094 544 3157 Myrmidonum
555 3109 644 3143 nomen
655 3094 775 3142 veteribus
783 3094 893 3156 Trojanis
903 3094 990 3142 itidem
999 3096 1111 3145 extinctis
1121 3097 1208 3147 solatio

212 3175 264 3208 esee
276 3176 324 3209 non
336 3167 443 3223 poterat:
461 3174 517 3206 cum
528 3160 663 3222 praesertim
673 3175 704 3208 an
718 3159 821 3206 Romani
837 3175 851 3206 a
869 3159 979 3222 Trojanis
992 3161 1110 3222 originem
1126 3163 1207 3211 trahe-

211 3233 272 3284 rent,
289 3227 410 3273 incertum
421 3224 479 3271 satis
491 3231 568 3272 esset:
585 3232 613 3272 ut
624 3225 679 3272 novi
691 3224 728 3272 illi
746 3223 826 3271 coloni
837 3224 916 3287 'IioJae
928 3223 991 3273 nihil
1009 3234 1098 3288 praeter
1116 3243 1207 3277 nomen

211 3287 328 3339 haberent
349 3306 406 3338 cum
426 3289 532 3351 antiquis
554 3288 923 3338 commune.-SCH.-Alii
947 3290 1092 3340 Germanico
1114 3292 1206 3342 Caesari

211 3356 329 3414 tribuunt,
347 3364 375 3403 nt
393 3369 471 3416 nuper
492 3353 632 3418 Bernhardy
644 3354 676 3403 R.
689 3352 907 3420 Litt.p.‚218‚alii
920 3353 1044 3404 Hadriano
1055 3357 1205 3420 imperatori,

210 3436 267 3469 cum
278 3422 304 3469 in
315 3420 416 3484 Anthol.
430 3421 517 3467 Groeca
529 3419 655 3479 Brunekii,
675 3419 704 3466 T.
716 3420 753 3468 11.
766 3435 791 3482 p.
801 3421 857 3475 285,
868 3419 907 3468 vel
918 3420 1028 3468 Palatina
1038 3420 1151 3480 Jacobsii,
1162 3422 1205 3472 lib.

211 3485 258 3534 ῙΧ.
271 3502 308 3550 ep.
320 3487 376 3545 387,
392 3486 458 3533 idem
469 3484 618 3547 epigramma
636 3491 701 3533 extet
710 3484 756 3532 hac
775 3484 931 3547 inscriptione
943 3486 1050 3548 adJecta:
1063 3484 1204 3550 Ἀδριανοῦ

210 3550 385 3615 Καίσαροςείς
393 3546 567 3630 τὸνἛκτορα,
576 3547 599 3596 οἱ
610 3546 635 3597 δὲ
647 3549 802 3615 Γερμανικοῦ
814 3546 937 3612 Ἡσύχιος
949 3547 974 3598 δὲ
986 3548 1021 3607 εἰς
1029 3550 1149 3613 Τιβέριον
1156 3551 1204 3602 τὸν

210 3616 330 3681 Καίσαρα
342 3614 460 3680 ἀναφέρει
471 3614 544 3664 αὐτο.
562 3615 596 3663 Et
605 3615 732 3663 Jacobsius
744 3615 869 3663 Hadriano
877 3615 969 3675 tribuit,
980 3618 1037 3678 quia
1045 3617 1066 3664 i
1073 3617 1205 3680 imperator

209 3684 308 3746 Trojam
322 3682 407 3730 multis
425 3681 536 3744 operibus
554 3681 681 3728 ornaverit.
716 3680 772 3730 Qua
782 3681 808 3728 in
819 3695 844 3728 re
856 3680 878 3728 ei
888 3695 937 3727 non
948 3682 1074 3740 assentior,
1085 3697 1142 3729 cum
1155 3684 1204 3746 epi·

208 3763 319 3810 gramma
334 3747 413 3796 multo
431 3745 509 3808 magis
528 3746 553 3793 in
575 3747 678 3793 Romam
694 3746 778 3793 urbem
797 3761 870 3808 quam
888 3745 914 3794 in
926 3746 1024 3809 Trojam
1035 3754 1202 3796 renascentem

210 3813 346 3861 conveniat.
379 3811 432 3860 Alii
444 3826 586 3859 conversum
597 3818 683 3874 putant
691 3812 720 3858 ab
733 3811 795 3858 italo
807 3810 888 3873 aliquo
900 3825 930 3858 ex
941 3810 1092 3873 Anthologia
1105 3812 1200 3872 Graeca,

208 3884 236 3926 ut
247 3879 359 3926 Pithoeus
370 3885 442 3940 atque
454 3876 560 3924 Orellius
571 3877 596 3925 in
608 3891 670 3924 nova
681 3877 738 3924 edit.
750 3875 907 3938 Eulogarum,
926 3890 950 3938 p.
965 3876 1019 3924 262.
1054 3877 1107 3926 Nec
1119 3885 1203 3927 extant

208 3943 256 3991 alia
266 3943 440 4006 epigrammata
451 3942 554 3990 Caesaris
566 3941 706 3989 Germanici
717 3941 859 3989 indubitata.
900 3940 956 3988 Etsi
967 3941 1036 3999 illud,
1053 3942 1117 4004 quod
1128 3957 1202 4006 supra

210 4008 236 4057 in
247 4008 427 4073 epigrammatis
440 4007 468 4056 C.
501 4007 562 4056 Julii
575 4006 678 4056 Caesarie
689 4007 752 4066 dedi,
767 4005 850 4054 Tiror
864 4021 932 4070 peter,
950 4006 1041 4056 Caesari
1054 4007 1201 4057 Germanico
