2868 4848
632 607 798 652 senous.-
1170 587 1214 653 35

215 747 280 811 vita
295 747 362 810 sine
377 767 454 810 cura
468 755 501 810 et
516 744 717 810 solicitudine
728 745 876 809 futuros:
901 744 957 809 sed
967 766 1041 810 cum
1052 745 1214 830 negligen-

216 834 279 896 tius
295 833 482 917 aequitatem
497 832 699 896 observantes
715 831 920 908 declinarent,
936 831 1133 916 insidiisque,
1155 855 1211 898 cu-

214 919 349 1001 piditate
364 929 397 982 et
409 918 540 982 avaritia
552 917 633 981 alter
643 917 779 981 alterurn
792 917 963 1001 deciperet,
977 917 1017 980 ab
1030 917 1211 983 hominibus

214 1005 403 1080 discessisse,
416 1022 449 1067 er
461 1004 557 1086 digna
570 1003 689 1067 caeles'ti
703 1024 837 1066 numero
849 1002 1027 1067 immortale
1040 1005 1210 1089 praemium

213 1090 345 1174 pietatis
360 1089 510 1174 possedit.
558 1088 668 1152 Habet
688 1100 796 1153 autem
820 1088 927 1152 stellas
953 1088 987 1152 in
1013 1089 1117 1175 capite
1138 1091 1212 1154 obs-

214 1198 322 1239 curam
338 1175 432 1239 nimis
449 1197 557 1250 unam,
573 1176 607 1238 in
623 1174 756 1257 singulis
769 1173 911 1238 humeris
926 1174 1078 1257 singulas,
1088 1175 1210 1240 inuna-

213 1283 343 1345 quaque
367 1260 418 1325 ala
440 1261 589 1324 obscuras
613 1260 711 1324 duas:
735 1282 778 1324 ex
793 1259 838 1323 eis
854 1281 927 1345 quae
951 1272 1027 1324 sunt
1045 1261 1080 1324 in
1095 1262 1211 1327 dextra

213 1347 273 1424 ala,
290 1371 309 1410 a
324 1358 415 1431 parte
430 1346 565 1422 humeri,
588 1356 637 1410 est
651 1345 735 1410 clara
749 1367 823 1422 una,
850 1345 928 1410 etin
944 1346 1077 1430 singulis
1092 1348 1209 1413 cubitis

211 1433 363 1516 singulas,
379 1434 414 1496 in
425 1432 558 1516 singulis
573 1432 721 1496 manibus
737 1430 895 1515 singulas:
918 1431 973 1495 illa
988 1454 1061 1518 quae
1082 1432 1209 1513 dextra,

211 1519 324 1582 clarior
340 1529 400 1596 est,
416 1529 449 1581 et
462 1529 593 1581 vocatur
609 1516 719 1602 Spica:
742 1517 778 1580 in
793 1517 903 1581 tunica
917 1518 1067 1582 obscuras
1082 1541 1152 1598 sex,
1174 1521 1211 1584 in

211 1604 345 1687 singulis
355 1604 489 1688 pedibus
501 1603 652 1687 singulas.
698 1602 785 1667 Sunt
796 1625 907 1667 omnes
919 1603 1028 1668 decem
1041 1616 1075 1668 et
1084 1627 1208 1672 novem.

255 1690 302 1754 Hi
317 1690 468 1754 dicuntur
484 1687 599 1755 Castor
614 1700 647 1752 et
662 1688 792 1766 Pollux,
802 1689 915 1753 fratres
926 1689 1058 1754 Gemini
1069 1691 1211 1757 maxima

211 1777 388 1853 concordia,
410 1799 428 1840 e
444 1776 646 1860 quibuscum
657 1797 741 1839 unus
757 1774 920 1839 cecidisset
934 1775 969 1840 in
984 1797 1093 1860 pugna
1113 1799 1209 1861 quam

210 1862 361 1926 adversus
388 1861 604 1926 Athenienses
629 1860 796 1946 gerebant,
823 1859 906 1924 alter
934 1861 1210 1928 immortalitatem

210 1948 343 2031 accepit,
361 1970 441 2032 quos
455 1947 584 2031 Jupiter
600 1958 754 2030 utrosque
767 1945 845 2010 caelo
859 1946 970 2011 intulit
986 1947 1208 2033 sideribusque

211 2033 369 2098 Geminos
387 2034 571 2113 nominavit,
587 2033 643 2117 qui
656 2033 809 2096 salutares
825 2044 901 2096 sunt
913 2033 1076 2117 appellati.
1122 2034 1209 2100 Nam

210 2120 374 2184 ethorum
389 2119 490 2182 stellae
510 2119 556 2183 ita
570 2141 603 2183 se
618 2117 740 2183 hahent
756 2129 803 2196 ut,
819 2119 983 2183 occidente
996 2141 1071 2197 una,
1088 2119 1210 2185 oriatur

209 2205 320 2269 altera.
367 2204 433 2270 Alii
453 2205 565 2269 volunt
586 2203 730 2268 Zethum
747 2215 780 2268 ct
796 2203 1013 2288 Amphionem
1034 2227 1114 2282 esse,
1135 2206 1208 2271 ideo

209 2313 295 2355 unus
310 2314 435 2368 zonam,
452 2291 533 2355 alter
549 2291 651 2375 lyram
669 2289 778 2354 habet.
825 2288 976 2373 Nigidius
998 2290 1074 2354 deos
1097 2290 1209 2356 Sarno·

208 2377 333 2441 thracas
348 2378 442 2454 dixit,
459 2399 595 2461 quorum
611 2387 836 2459 argumentum
849 2375 938 2441 nefas
953 2375 995 2440 sit
1010 2398 1225 2457 enumerare,

208 2463 825 2547 proptereos,quiministeriispraesunt.
860 2461 945 2526 Item
955 2461 1207 2528 dicitCastorem

208 2560 243 2612 et
258 2547 432 2626 Pollucem,
450 2548 659 2632 Tyndaridas,
677 2548 889 2612 Geminorum
900 2548 1020 2612 honore
1031 2548 1206 2628 decoratos,

208 2634 297 2718 quod
321 2635 480 2719 principes
500 2634 675 2718 pacationis
696 2634 860 2706 dicantur:
885 2634 973 2719 quod
992 2655 1078 2698 mare
1100 2644 1208 2700 totum

208 2721 414 2806 praedonibus
435 2721 650 2804 maleficisque
671 2730 819 2804 pacatum
841 2719 1062 2796 reddidissent,
1085 2730 1119 2784 et
1140 2743 1206 2806 quo

208 2807 243 2868 in
258 2817 402 2890 tempore
419 2806 635 2890 navigaverint
650 2828 723 2869 cum
744 2805 861 2870 Jasone
882 2816 979 2890 atque
1002 2805 1145 2869 Hercule
1166 2807 1206 2871 ad

208 2891 324 2975 pellem
340 2892 519 2956 inauratam
534 2891 751 2968 auferendam,
766 2891 877 2954 multis
896 2891 1013 2955 laboris
1035 2902 1206 2975 tempesta-

208 2978 360 3062 tibusque
373 2977 522 3054 conflicti,
539 2977 753 3061 periculorum
767 2987 866 3060 atquc
875 2977 1054 3042 animorum
1066 2979 1205 3060 experti,

206 3063 371 3147 impendia
393 3063 554 3126 laboribus
577 3063 712 3126 liberare
733 3063 948 3127 studuerunt:
972 3074 1070 3147 atque
1091 3085 1164 3128 cum
1185 3087 1205 3128 a

206 3148 229 3212 J
229 3172 286 3213 ove
303 3161 409 3214 essent
424 3149 511 3224 elati,
531 3148 697 3233 petierunt
712 3159 848 3231 epatre,
864 3159 902 3212 ut
915 3148 976 3212 sibi
990 3149 1101 3212 liceret
1115 3149 1150 3212 in
1165 3173 1204 3214 eo

207 3235 277 3299 caeli
292 3235 361 3298 loco
376 3235 539 3315 constitui,
554 3235 639 3298 unde
660 3233 848 3298 mortalibus
868 3233 1062 3298 auxiliantes
1081 3236 1205 3319 prospi-

206 3343 278 3384 cere
294 3332 434 3405 possent.
480 3319 699 3386 Quamobrem
715 3319 760 3383 eis
775 3341 960 3384 concessum
972 3332 1021 3385 est
1031 3320 1204 3385 immortali

206 3407 360 3470 memoria
373 3407 507 3490 locoque
523 3405 686 3483 constitui,
707 3416 740 3470 et
755 3405 915 3490 plerisque
939 3406 1126 3470 mortalibus
1145 3430 1203 3471 au-

206 3493 359 3556 xiliantes
390 3493 440 3556 sui
466 3503 653 3576 conspectus
683 3493 818 3574 gratiam
847 3492 1006 3576 praebent.
1051 3491 1202 3558 Quorum

205 3579 292 3662 prior
307 3578 406 3642 habet
426 3577 543 3654 stellas,
564 3578 723 3660 incapite
744 3577 859 3641 claram
880 3599 987 3655 unam,
1009 3579 1044 3641 in
1068 3578 1201 3662 singulis

205 3663 346 3728 humeris
360 3664 501 3748 singulas
513 3663 622 3741 claras,
632 3664 667 3727 in
676 3663 793 3727 dextro
804 3664 912 3728 cubito
923 3685 1031 3740 unam,
1043 3663 1078 3726 in
1090 3665 1202 3728 eadem

205 3772 304 3816 manu
321 3771 428 3826 uuam,
444 3749 477 3812 in
493 3749 625 3832 singulis
640 3749 776 3832 genibus
792 3749 943 3833 singulas,
958 3750 993 3813 in
1002 3750 1136 3832 singulis
1146 3772 1202 3835 pe-

205 3835 298 3899 dibus
317 3835 468 3919 singulas.
513 3833 599 3900 Sunt
615 3858 724 3899 omnes
735 3857 858 3899 novem.
904 3835 999 3900 Alter
1011 3833 1201 3920 quiPropus

205 3921 395 4006 appellatur,
410 3921 437 3985 is
448 3922 547 4006 juxta
562 3929 710 3985 cancrum
727 3933 785 3998 est,
801 3921 898 3986 habet
914 3921 1030 3998 stellas,
1046 3921 1200 4004 incapite

204 4007 321 4072 claram
336 4029 444 4084 unam,
460 4008 495 4071 in
509 4007 643 4090 singulis
657 4007 838 4071 mammillis
853 4007 1006 4090 singulas,
1021 4007 1056 4070 in
1071 4005 1201 4072 sinistro

203 4093 313 4158 cubito
337 4093 427 4172 duas,
452 4093 486 4157 in
510 4094 620 4158 eadem
643 4115 742 4158 manu
766 4115 874 4170 unam,
898 4094 933 4158 in
956 4092 1085 4158 sinistro
1113 4113 1200 4177 genu
