2902 4838
643 526 789 562 arruuurx.
1175 514 1217 564 eiii

220 655 334 702 minatur.
367 651 433 704 Nam
441 651 530 700 minari
540 651 612 701 hoves
622 659 667 714 est,
677 654 742 716 quod
753 654 846 702 Graecis
856 650 984 718 ὁμοιλεῖν,
993 654 1129 714 et'l'ibnllo,
1140 654 1184 704 lib.
1192 655 1214 706 I.

222 717 295 780 Eleg.
306 717 330 767 Ι.
347 732 371 767 v.
388 720 425 778 10,
444 720 580 780 inerepare:
601 717 650 766 slat
670 720 765 767 stimulo
786 719 866 767 tardos
885 723 1026 782 increpuisse
1045 719 1119 769 iores.
1152 721 1216 770 Inde

220 783 310 830 minari
321 780 381 832 cirri
391 782 436 831 τοῦ
446 780 597 843 βοηλατεῖν.
630 783 703 833 Quod
714 784 834 846 Apulejus
842 792 866 834 et
873 793 942 833 retus
953 785 1080 833 bibliorum
1092 801 1215 834 sacrorum

220 848 339 911 interpres
351 857 504 912 usurparunt,
521 863 549 896 ac
561 848 633 910 vulgo
643 849 669 896 iu
679 849 800 897 idiotismo
813 850 907 909 Italico,
927 851 1067 912 Hispanico,
1083 851 1177 900 GallIco
1187 851 1214 900 ln

221 928 269 962 usu
279 921 323 961 est.
358 915 449 962 Baculo
459 915 548 960 minari
559 913 600 972 ait,
617 913 756 976 intelligens
773 915 872 976 pedum,
891 916 956 978 quod
973 915 1102 964 Asterismi
1116 917 1215 965 Graeco·

219 991 278 1027 rum
298 985 385 1026 vocant
406 973 574 1041 κολόρῤυβον,
599 978 647 1026 hoc
667 988 711 1038 est,
733 977 896 1044 καλάνροπα.
929 980 1023 1044 Adjicit
1045 980 1215 1040 Gennanicus,

219 1042 425 1107 Arctophylacem
437 1041 584 1091 anonnnllis
602 1043 700 1092 Icarum
710 1045 797 1093 vocari.
830 1046 960 1108 Propterea
971 1046 1150 1108 Septentriones
1162 1047 1215 1094 Ica-

218 1108 268 1156 rios
289 1109 361 1156 boves
377 1117 447 1158 vocat
465 1108 605 1172 Propertius
616 1109 653 1157 II.
672 1109 744 1172 Eleg.
757 1111 796 1167 21,
815 1125 839 1158 v.
851 1114 896 1159 24:
913 1109 1026 1160 Flecturt
1045 1111 1122 1160 Icarii
1137 1112 1216 1160 sidera

220 1175 290 1221 tarda
300 1173 375 1222 iores.
408 1173 543 1222 Scsnroun
554 1173 584 1220 ad
597 1173 684 1222 Manil.
697 1174 720 1224 Ι.
730 1190 754 1224 v.
766 1176 821 1232 316,
832 1191 855 1238 p.
864 1177 904 1234 83,
915 1177 955 1223 31.
992 1177 1131 1240 Boeotaque
1140 1179 1215 1224 mino·

219 1237 269 1301 tns]
293 1239 380 1296 Aldus,
395 1240 508 1287 minatur.
541 1234 670 1288 Monun.¹
688 1239 820 1302 Boeotaque
830 1237 955 1300 'miraturi
973 1241 1039 1289 Mihi
1054 1243 1214 1304 oquimiuolia

218 1318 277 1351 vasa
293 1303 406 1352 ridentur
423 1303 545 1351 minandis
562 1304 611 1351 sive
626 1304 726 1366 agendis
736 1305 805 1366 aquis
816 1306 894 1354 utilia.
928 1305 982 1354 Nec
993 1306 1065 1355 lectio
1076 1314 1145 1355 retus
1156 1322 1213 1354 mu·

218 1367 299 1425 tanda,
308 1369 371 1431 quod
379 1369 512 1416 doctissimi
518 1368 559 1416 isti
565 1368 677 1416 homines
684 1369 820 1430 voluerunt,
828 1386 884 1418 cum
892 1371 964 1418 etiam
972 1371 1069 1433 optimis
1076 1372 1214 1420 auctoribus

218 1435 308 1482 minari
325 1434 390 1482 idem
408 1435 440 1482 sit
458 1433 522 1496 quod
540 1449 616 1495 agere.
650 1435 810 1482 Germanicus
821 1436 903 1484 Caesar
913 1436 1023 1484 Arateis:
1041 1436 1100 1484 Iuda
1114 1435 1214 1485 Helicen

217 1499 442 1562 sequiturseniorh.
455 1514 520 1562 pm.
553 1499 659 1548 Bsnru.
679 1498 788 1548 XLVII.
805 1503 862 1562 c.7,
878 1517 901 1564 p.
914 1502 985 1550 2198.
1020 1502 1067 1549 Sed
1078 1517 1135 1549 oum
1152 1501 1212 1549 Bar-

218 1563 269 1610 thio
280 1579 367 1613 novam
378 1564 579 1626 significationem
589 1565 679 1626 fingere
690 1563 773 1614 nolim.

252 1629 291 1675 92.
309 1627 405 1691 Isana]
441 1629 522 1676 Graeci
550 1629 677 1691 scriptores
705 1644 789 1677 omnes
816 1629 924 1679 Icarium
949 1629 1080 1692 appellant.
1128 1629 1212 1678 Latini

217 1693 320 1742 vadant.
353 1693 420 1741 Nam
431 1702 455 1741 et
468 1693 579 1742 Tibullus
590 1695 655 1742 hunc
666 1695 770 1742 eundern
782 1693 880 1743 Icarum
891 1694 1004 1758 appellat.
1037 1695 1082 1743 Ait
1092 1695 1159 1742 enisu
1169 1695 1212 1744 lib.

218 1757 263 1805 IV.
276 1765 299 1806 et
307 1762 397 1806 connis
409 1759 502 1806 Boccho
506 1759 637 1820 jucundior
646 1758 727 1821 hospes
735 1759 827 1808 Icaria.
862 1760 934 1810 Quod
944 1760 1009 1808 idem
1019 1761 1084 1822 apud
1096 1760 1212 1808 Ovidium

217 1823 336 1885 reperitur
346 1823 479 1887 aliquoties.
497 1823 607 1872 Monur..
638 1822 734 1886 Icarus]
752 1823 828 1872 Arcas
840 1833 943 1872 matrem
953 1826 1111 1873 transfixurus
1123 1825 1212 1888 sagitta

216 1887 244 1934 in
262 1888 352 1936 coelum
370 1888 490 1951 repositus
509 1895 553 1946 est,
572 1895 600 1936 ut
619 1896 682 1936 esset
700 1889 874 1954 Arctophylax.
907 1889 959 1938 Alii
977 1891 1043 1939 hunc
1060 1891 1210 1940 voluutesse

218 1952 324 2002 Icarum.
359 1954 456 2002 Servius
466 1954 496 2000 ad
509 1954 597 2016 Georg.
609 1953 631 2001 I.
644 1954 684 2002 68.

250 2019 289 2066 98.
309 2018 386 2075 Quam
403 2025 432 2078 te,
454 2019 517 2077 dira,
537 2016 626 2080 vocem]
654 2018 870 2068 Broeckhnsisssad
885 2019 976 2068 Tibulli
994 2020 1036 2070 lib.
1048 2020 1070 2068 Ι.
1088 2020 1160 2083 Eleg.
1172 2020 1211 2069 II.

217 2097 240 2146 p.
253 2085 308 2141 206,
320 2091 389 2145 putat
397 2084 461 2131 hano
471 2083 597 2146 Virginem
608 2084 681 2132 etiam
689 2099 771 2147 pacem
782 2100 852 2147 posse
863 2086 991 2148 perhiberi.

251 2150 306 2197 105.
323 2148 370 2196 Seu
377 2164 451 2212 genus
462 2147 559 2211 Astraei]
577 2148 657 2196 Aldus
667 2149 712 2198 hos
723 2149 783 2197 duos
793 2165 876 2198 versus
886 2151 921 2199 ita
931 2151 1012 2199 cudit:
1029 2149 1085 2198 Sive
1094 2150 1133 2198 illi
1143 2155 1208 2198 esna

216 2227 288 2275 penses
298 2215 385 2276 fiterit,
406 2229 474 2277 qoem
485 2216 560 2276 famu
575 2221 699 2277 parentem
722 2213 835 2263 Tradidit
852 2222 978 2276 uberare,
991 2231 1016 2264 se
1026 2231 1080 2264 rere
1090 2217 1211 2277 intercipit

215 2279 385 2327 ‹eva-Mon.

251 2345 306 2392 106.
323 2343 364 2392 Ad
379 2349 449 2392 notar
470 2343 578 2392 adscribe
599 2343 673 2391 etiam
692 2344 811 2401 Servium,
831 2344 873 2407 qni
890 2345 976 2393 itidem
992 2344 1118 2406 Erigonen
1137 2344 1210 2392 Icarii

216 2409 293 2457 liliam
302 2425 355 2457 erse
365 2409 457 2469 statuit,
467 2409 494 2457 in
504 2409 567 2457 notis
577 2410 608 2457 ad
620 2409 708 2469 Georg.
722 2408 758 2456 11.
771 2411 827 2458 889.

252 2475 308 2526 107.
324 2473 415 2522 Mediis
425 2479 448 2521 te
458 2475 512 2522 loetu
521 2473 618 2536 serebas
629 2474 741 2522 Sublimis
747 2472 855 2536 populis]
873 2473 913 2522 Ita
923 2489 951 2522 eo
961 2473 1015 2521 loco
1024 2471 1116 2520 habent
1125 2488 1210 2521 omnes

217 2539 342 2597 editiones,
352 2539 458 2602 antiquae
466 2547 491 2587 et
497 2547 613 2598 recentes,
626 2539 699 2587 etiam
712 2539 872 2587 Bononiensis
882 2546 964 2586 nostra
975 2537 1048 2586 MSS.
1060 2537 1120 2600 ipsis
1130 2553 1211 2600 aequa·

162 2603 168 2612 '
215 2604 280 2653 bilis.
324 2604 359 2652 At
380 2619 458 2666 neque
478 2605 606 2652 mollitudo
627 2604 741 2652 carminis
762 2620 807 2652 nec
827 2604 974 2652 consuetudo
996 2603 1078 2650 Po'e'tae
1100 2603 1211 2651 abnuunt

216 2671 381 2733 reponendum
391 2668 513 2718 sssblimern
529 2673 556 2717 ia
568 2671 671 2732 populis,
704 2669 883 2718 Duriusoulum
900 2669 965 2716 euim
984 2681 1113 2715 nnmerum
1132 2683 1210 2716 unum

217 2735 302 2783 eodem
322 2749 380 2782 sono
397 2741 422 2783 et
440 2750 498 2782 essu
516 2735 545 2782 de
563 2735 647 2782 eadem
664 2749 690 2781 re
709 2741 822 2797 repetere.
857 2734 947 2796 Arguit
962 2739 1044 2782 sutem
1060 2732 1210 2781 alacritatem

217 2800 296 2848 Diroe.
331 2801 435 2848 Bssru.
447 2799 550 2847 Advers.
561 2799 650 2848 XXII.
662 2815 684 2846 c.
694 2799 718 2859 i,
729 2815 784 2862 pag.
795 2800 865 2847 1085.

252 2867 305 2913 108.
324 2867 375 2912 Nec
385 2865 511 2926 dedignata
520 2863 611 2926 subire]
629 2865 716 2923 Aldus,
728 2862 965 2927 designata—Mon.

250 2931 305 2978 112.
323 2929 451 2977 Discordia
469 2927 538 2992 uota]
563 2929 620 2977 Alia
638 2930 710 2977 lectio
729 2930 846 2978 duomilia
864 2935 930 2977 nata.
962 2928 1025 2976 Vide
1044 2927 1209 2989 Lactantium,

216 2996 260 3044 lib.
270 2995 301 3043 V.
313 2995 342 3042 de
349 2995 453 3057 justitia,
465 3010 516 3057 cap.
528 2997 551 3050 5,
563 2995 603 3043 ubi
613 2995 679 3043 hunc
689 2993 770 3042 locum
783 2995 922 3042 Germanici
933 2993 1105 3042 citat-Mon.

253 3061 305 3109 116.
322 3059 391 3107 Nare
405 3059 498 3122 petebat
515 3061 611 3108 divitias
624 3058 773 3122 fructusque]
790 3059 882 3107 Aldina
891 3059 964 3108 editio
974 3059 1054 3118 habet,
1066 3059 1135 3106 Nave
1144 3063 1208 3122 pete·

217 3125 273 3173 burst
283 3125 641 3188 divitiasjiuctrsque.-Moa.

250 3192 303 3238 121.
321 3189 412 3238 Rarius
420 3188 515 3251 iurisit]
532 3191 628 3238 Ineunt
638 3188 734 3252 scripsit
744 3187 939 3237 Aldus—Mon.

251 3258 303 3302 122.
323 3254 368 3302 Ore
386 3253 474 3315 velato]
493 3254 621 3316 Expriseo
638 3269 705 3302 more
725 3254 854 3316 virginum,
872 3269 926 3315 quae
937 3253 1014 3301 velato
1026 3252 1103 3316 capite
1112 3253 1208 3301 incede-

216 3320 281 3368 bant.
317 3319 421 3368 Bsaru.
432 3319 534 3368 Advers.
544 3320 617 3368 XXI.
636 3335 657 3367 c.
669 3321 692 3378 2,
709 3335 734 3382 p.
749 3319 819 3366 1019.
853 3318 1033 3366 Imoetiamex
1043 3318 1209 3380 morelugen-

216 3385 277 3434 tium
290 3390 315 3432 et
324 3385 489 3432 moerentium.

250 3451 303 3498 126.
320 3449 438 3512 Increpat,
450 3466 463 3497 ο
475 3454 570 3511 patrum
579 3447 678 3511 soboles]
696 3448 775 3496 Aldus
785 3448 865 3504 habet,
882 3447 1002 3510 increpito
1015 3455 1112 3510 portum
1122 3447 1210 3496 soboles

150 3559 154 3572 ,
216 3515 413 3578 obiitepriornm.
446 3514 578 3577 Degeneres
588 3513 670 3564 habuit
681 3529 815 3576 semperque
825 3512 935 3560 habiture
945 3513 1163 3561 minores-Mon.

250 3581 304 3629 129.
324 3583 393 3628 Noua
402 3581 480 3628 seculo
489 3585 566 3627 restra
577 3579 673 3628 Artibus
688 3577 811 3627 indomitis
828 3577 932 3641 tradent]
951 3578 1000 3625 Ubi
1011 3593 1055 3640 ego
1067 3578 1148 3640 legam
1157 3593 1208 3626 ves·

215 3651 273 3694 tros.
307 3645 378 3693 Nova
389 3645 572 3693 secularestras
590 3653 653 3692 artes
671 3644 795 3692 indomitis
815 3643 905 3691 artibus
923 3643 1025 3690 tradent.
1059 3643 1114 3690 Hoc
1126 3649 1172 3701 eat,
1181 3643 1208 3692 in

215 3711 294 3760 vicem
304 3717 438 3758 vestrarum
449 3709 596 3757 exercebunt
607 3716 669 3757 artes
680 3708 763 3757 malas.
799 3708 856 3756 Nou
866 3708 1003 3756 intellectus
1013 3707 1131 3755 hactenus
1145 3707 1207 3755 Ger-

214 3775 305 3824 manici
316 3775 393 3823 locus.
428 3773 549 3822 Martialis
559 3775 612 3822 libr.
622 3775 671 3822 XI.
682 3774 796 3836 epigram.
811 3773 841 3824 i:
857 3770 940 3820 Ardua
956 3787 993 3820 res
1011 3771 1058 3820 ier
1074 3777 1109 3820 est
1127 3771 1209 3834 opibus

214 3857 262 3888 nan
279 3840 370 3888 tradere
388 3855 471 3900 mores,
489 3838 588 3888 Etcum
600 3845 634 3887 tot
645 3841 733 3887 Oroesos
743 3841 834 3896 viceris,
845 3853 892 3886 esse
902 3839 1008 3886 Numan.
1043 3836 1083 3884 Sic
1094 3837 1120 3884 in
1131 3837 1206 3886 Clau-

215 3905 286 3954 diano
305 3905 452 3952 restitutum.
485 3906 560 3967 Atque
571 3907 636 3952 orei
646 3905 772 3952 tradamur
782 3919 843 3966 opes,
853 3907 891 3959 tre.
918 3903 1023 3950 Bnnru.
1034 3901 1130 3949 XXIV.
1149 3918 1171 3950 c.
1183 3904 1207 3962 6,

215 3987 239 4034 p.
253 3973 323 4020 1288.
356 3969 477 4033 Exempla
496 3968 591 4018 Barthii
607 3985 656 4019 non
667 3975 766 4018 movent
776 3984 828 4028 nos,
846 3975 875 4017 ut
886 3967 1060 4018 Germanicum
1070 3967 1126 4015 inde
1137 3967 1207 4016 intel-

151 4041 152 4044 ,
1089 4039 1130 4082 Y·
