<?xml version="1.0" encoding="UTF-8"?>
<!DOCTYPE html PUBLIC "-//W3C//DTD XHTML 1.0 Transitional//EN"
    "http://www.w3.org/TR/xhtml1/DTD/xhtml1-transitional.dtd">
<html xmlns="http://www.w3.org/1999/xhtml" xml:lang="en" lang="en">
 <head>
  <title>
</title>
<meta http-equiv="Content-Type" content="text/html;charset=utf-8" />
  <meta name='ocr-system' content='tesseract 3.04.00' />
  <meta name='ocr-capabilities' content='ocr_page ocr_carea ocr_par ocr_line ocrx_word'/>
</head>
<body>
  <div class='ocr_page' id='page_1' title='image "./reliquiquextant00orelgoog_0076.png"; bbox 0 0 2868 4848; ppageno 0'>
   <div class='ocr_carea' id='block_1_1' title="bbox 652 584 1227 650">
    <p class='ocr_par' dir='ltr' id='par_1_1' title="bbox 652 584 1227 650">
     <span class='ocr_line' id='line_1_1' title="bbox 652 584 1227 650; baseline -0.003 0"><span class='ocrx_word' id='word_1_1' title='bbox 652 605 806 650; x_wconf 73' lang='lat' dir='ltr'><strong>senonis.</strong></span> <span class='ocrx_word' id='word_1_2' title='bbox 1184 584 1227 648; x_wconf 79' lang='lat' dir='ltr'><strong>to</strong></span> 
     </span>
    </p>
   </div>
   <div class='ocr_carea' id='block_1_2' title="bbox 233 746 1232 2458">
    <p class='ocr_par' dir='ltr' id='par_1_2' title="bbox 233 746 1230 2012">
     <span class='ocr_line' id='line_1_2' title="bbox 233 746 1227 831; baseline -0.001 -19"><span class='ocrx_word' id='word_1_3' title='bbox 233 747 319 812; x_wconf 88' lang='lat' dir='ltr'><strong>inter</strong></span> <span class='ocrx_word' id='word_1_4' title='bbox 333 769 367 812; x_wconf 89' lang='lat' dir='ltr'><strong>se</strong></span> <span class='ocrx_word' id='word_1_5' title='bbox 381 746 669 824; x_wconf 59' lang='lat' dir='ltr'><strong>communicantem</strong></span> <span class='ocrx_word' id='word_1_6' title='bbox 687 767 822 831; x_wconf 90' lang='lat' dir='ltr'><strong>quarum</strong></span> <span class='ocrx_word' id='word_1_7' title='bbox 837 746 966 810; x_wconf 90' lang='lat' dir='ltr'><strong>nomina</strong></span> <span class='ocrx_word' id='word_1_8' title='bbox 981 757 1149 830; x_wconf 88' lang='lat' dir='ltr'><strong>putantur,</strong></span> <span class='ocrx_word' id='word_1_9' title='bbox 1162 746 1227 831; x_wconf 91' lang='lat' dir='ltr'><strong>pri-</strong></span> 
     </span>
     <span class='ocr_line' id='line_1_3' title="bbox 234 831 1228 916; baseline 0 -20"><span class='ocrx_word' id='word_1_10' title='bbox 234 855 296 897; x_wconf 87' lang='lat' dir='ltr'><strong>mae</strong></span> <span class='ocrx_word' id='word_1_11' title='bbox 308 831 602 909; x_wconf 77' lang='lat' dir='ltr'><strong>Stheno,.secundae</strong></span> <span class='ocrx_word' id='word_1_12' title='bbox 614 832 767 916; x_wconf 81' lang='lat' dir='ltr'><strong>Euryale,</strong></span> <span class='ocrx_word' id='word_1_13' title='bbox 778 832 883 896; x_wconf 85' lang='lat' dir='ltr'><strong>tertiae</strong></span> <span class='ocrx_word' id='word_1_14' title='bbox 893 832 1040 898; x_wconf 85' lang='lat' dir='ltr'><strong>Medusa.</strong></span> <span class='ocrx_word' id='word_1_15' title='bbox 1085 832 1228 899; x_wconf 82' lang='lat' dir='ltr'><strong>Quidam</strong></span> 
     </span>
     <span class='ocr_line' id='line_1_4' title="bbox 234 917 1229 1002; baseline 0 -20"><span class='ocrx_word' id='word_1_16' title='bbox 234 941 308 982; x_wconf 90' lang='lat' dir='ltr'><strong>vero</strong></span> <span class='ocrx_word' id='word_1_17' title='bbox 324 941 398 984; x_wconf 92' lang='lat' dir='ltr'><strong>eum</strong></span> <span class='ocrx_word' id='word_1_18' title='bbox 413 942 433 984; x_wconf 91' lang='lat' dir='ltr'><strong>a</strong></span> <span class='ocrx_word' id='word_1_19' title='bbox 446 919 596 984; x_wconf 85' lang='lat' dir='ltr'><strong>Minerva</strong></span> <span class='ocrx_word' id='word_1_20' title='bbox 618 918 752 982; x_wconf 88' lang='lat' dir='ltr'><strong>missum</strong></span> <span class='ocrx_word' id='word_1_21' title='bbox 776 917 898 994; x_wconf 90' lang='lat' dir='ltr'><strong>dicunt,</strong></span> <span class='ocrx_word' id='word_1_22' title='bbox 924 929 957 982; x_wconf 92' lang='lat' dir='ltr'><strong>et</strong></span> <span class='ocrx_word' id='word_1_23' title='bbox 972 918 1012 982; x_wconf 92' lang='lat' dir='ltr'><strong>ab</strong></span> <span class='ocrx_word' id='word_1_24' title='bbox 1027 941 1065 981; x_wconf 90' lang='lat' dir='ltr'><strong>ea</strong></span> <span class='ocrx_word' id='word_1_25' title='bbox 1079 918 1229 1002; x_wconf 91' lang='lat' dir='ltr'><strong>clypeum</strong></span> 
     </span>
     <span class='ocr_line' id='line_1_5' title="bbox 233 1003 1228 1089; baseline 0 -21"><span class='ocrx_word' id='word_1_26' title='bbox 233 1005 371 1069; x_wconf 89' lang='lat' dir='ltr'><strong>vitreum</strong></span> <span class='ocrx_word' id='word_1_27' title='bbox 385 1005 555 1088; x_wconf 85' lang='lat' dir='ltr'><strong>accepisse,</strong></span> <span class='ocrx_word' id='word_1_28' title='bbox 567 1026 625 1088; x_wconf 91' lang='lat' dir='ltr'><strong>per</strong></span> <span class='ocrx_word' id='word_1_29' title='bbox 640 1026 737 1089; x_wconf 91' lang='lat' dir='ltr'><strong>quem</strong></span> <span class='ocrx_word' id='word_1_30' title='bbox 753 1004 857 1067; x_wconf 90' lang='lat' dir='ltr'><strong>videre</strong></span> <span class='ocrx_word' id='word_1_31' title='bbox 872 1026 930 1068; x_wconf 86' lang='lat' dir='ltr'><strong>neo</strong></span> <span class='ocrx_word' id='word_1_32' title='bbox 939 1003 1038 1067; x_wconf 89' lang='lat' dir='ltr'><strong>videri</strong></span> <span class='ocrx_word' id='word_1_33' title='bbox 1047 1003 1087 1067; x_wconf 89' lang='lat' dir='ltr'><strong>ab</strong></span> <span class='ocrx_word' id='word_1_34' title='bbox 1100 1004 1145 1067; x_wconf 90' lang='lat' dir='ltr'><strong>eis</strong></span> <span class='ocrx_word' id='word_1_35' title='bbox 1155 1026 1228 1087; x_wconf 91' lang='lat' dir='ltr'><strong>pos·</strong></span> 
     </span>
     <span class='ocr_line' id='line_1_6' title="bbox 233 1089 1229 1175; baseline 0.002 -23"><span class='ocrx_word' id='word_1_36' title='bbox 233 1100 293 1154; x_wconf 87' lang='lat' dir='ltr'><strong>set.</strong></span> <span class='ocrx_word' id='word_1_37' title='bbox 340 1089 409 1158; x_wconf 80' lang='lat' dir='ltr'><strong>Qui</strong></span> <span class='ocrx_word' id='word_1_38' title='bbox 423 1113 496 1154; x_wconf 87' lang='lat' dir='ltr'><strong>cum</strong></span> <span class='ocrx_word' id='word_1_39' title='bbox 510 1090 682 1173; x_wconf 75' lang='lat' dir='ltr'><strong>,Gorgones</strong></span> <span class='ocrx_word' id='word_1_40' title='bbox 705 1089 898 1153; x_wconf 77' lang='lat' dir='ltr'><strong>dormientes</strong></span> <span class='ocrx_word' id='word_1_41' title='bbox 923 1089 1105 1166; x_wconf 89' lang='lat' dir='ltr'><strong>invenisset,</strong></span> <span class='ocrx_word' id='word_1_42' title='bbox 1131 1099 1229 1175; x_wconf 90' lang='lat' dir='ltr'><strong>caput</strong></span> 
     </span>
     <span class='ocr_line' id='line_1_7' title="bbox 235 1173 1229 1259; baseline -0.001 -20"><span class='ocrx_word' id='word_1_43' title='bbox 235 1173 383 1240; x_wconf 87' lang='lat' dir='ltr'><strong>Medusae</strong></span> <span class='ocrx_word' id='word_1_44' title='bbox 403 1176 537 1240; x_wconf 78' lang='lat' dir='ltr'>abscidit</span> <span class='ocrx_word' id='word_1_45' title='bbox 552 1186 585 1242; x_wconf 90' lang='lat' dir='ltr'><strong>et</strong></span> <span class='ocrx_word' id='word_1_46' title='bbox 605 1175 763 1239; x_wconf 80' lang='lat' dir='ltr'><strong>Minervae</strong></span> <span class='ocrx_word' id='word_1_47' title='bbox 786 1175 928 1252; x_wconf 83' lang='lat' dir='ltr'><strong>tradidit,</strong></span> <span class='ocrx_word' id='word_1_48' title='bbox 952 1175 1039 1259; x_wconf 91' lang='lat' dir='ltr'><strong>quod</strong></span> <span class='ocrx_word' id='word_1_49' title='bbox 1052 1175 1108 1238; x_wconf 91' lang='lat' dir='ltr'><strong>illa</strong></span> <span class='ocrx_word' id='word_1_50' title='bbox 1120 1175 1156 1238; x_wconf 90' lang='lat' dir='ltr'><strong>in</strong></span> <span class='ocrx_word' id='word_1_51' title='bbox 1169 1198 1229 1239; x_wconf 91' lang='lat' dir='ltr'><strong>suo</strong></span> 
     </span>
     <span class='ocr_line' id='line_1_8' title="bbox 234 1260 1230 1346; baseline -0.001 -21"><span class='ocrx_word' id='word_1_52' title='bbox 234 1273 363 1346; x_wconf 86' lang='lat' dir='ltr'><strong>pectore</strong></span> <span class='ocrx_word' id='word_1_53' title='bbox 379 1262 509 1345; x_wconf 85' lang='lat' dir='ltr'><strong>aptarit,</strong></span> <span class='ocrx_word' id='word_1_54' title='bbox 528 1273 566 1326; x_wconf 95' lang='lat' dir='ltr'><strong>ut</strong></span> <span class='ocrx_word' id='word_1_55' title='bbox 584 1261 621 1324; x_wconf 89' lang='lat' dir='ltr'><strong>in</strong></span> <span class='ocrx_word' id='word_1_56' title='bbox 640 1261 723 1325; x_wconf 91' lang='lat' dir='ltr'><strong>bello</strong></span> <span class='ocrx_word' id='word_1_57' title='bbox 744 1261 915 1326; x_wconf 83' lang='lat' dir='ltr'><strong>terribilior</strong></span> <span class='ocrx_word' id='word_1_58' title='bbox 935 1270 1028 1325; x_wconf 77' lang='lat' dir='ltr'><strong>esset</strong></span> <span class='ocrx_word' id='word_1_59' title='bbox 1075 1260 1230 1326; x_wconf 87' lang='lat' dir='ltr'><strong>Perseum</strong></span> 
     </span>
     <span class='ocr_line' id='line_1_9' title="bbox 235 1346 1230 1424; baseline -0.001 -14"><span class='ocrx_word' id='word_1_60' title='bbox 235 1357 344 1410; x_wconf 85' lang='lat' dir='ltr'><strong>autem</strong></span> <span class='ocrx_word' id='word_1_61' title='bbox 358 1347 443 1412; x_wconf 85' lang='lat' dir='ltr'><strong>inter</strong></span> <span class='ocrx_word' id='word_1_62' title='bbox 457 1347 561 1412; x_wconf 88' lang='lat' dir='ltr'><strong>sidera</strong></span> <span class='ocrx_word' id='word_1_63' title='bbox 583 1346 756 1412; x_wconf 90' lang='lat' dir='ltr'><strong>collocavit.</strong></span> <span class='ocrx_word' id='word_1_64' title='bbox 804 1346 916 1410; x_wconf 81' lang='lat' dir='ltr'><strong>Habet</strong></span> <span class='ocrx_word' id='word_1_65' title='bbox 929 1355 1037 1410; x_wconf 90' lang='lat' dir='ltr'><strong>autem</strong></span> <span class='ocrx_word' id='word_1_66' title='bbox 1052 1346 1170 1424; x_wconf 87' lang='lat' dir='ltr'><strong>stellas,</strong></span> <span class='ocrx_word' id='word_1_67' title='bbox 1194 1347 1230 1410; x_wconf 93' lang='lat' dir='ltr'><strong>in</strong></span> 
     </span>
     <span class='ocr_line' id='line_1_10' title="bbox 235 1432 1229 1516; baseline 0 -20"><span class='ocrx_word' id='word_1_68' title='bbox 235 1432 339 1516; x_wconf 88' lang='lat' dir='ltr'><strong>capite</strong></span> <span class='ocrx_word' id='word_1_69' title='bbox 353 1453 463 1508; x_wconf 89' lang='lat' dir='ltr'><strong>unam,</strong></span> <span class='ocrx_word' id='word_1_70' title='bbox 478 1435 514 1496; x_wconf 85' lang='lat' dir='ltr'><strong>in</strong></span> <span class='ocrx_word' id='word_1_71' title='bbox 526 1432 659 1515; x_wconf 84' lang='lat' dir='ltr'><strong>singulis</strong></span> <span class='ocrx_word' id='word_1_72' title='bbox 673 1432 813 1496; x_wconf 89' lang='lat' dir='ltr'><strong>humeris</strong></span> <span class='ocrx_word' id='word_1_73' title='bbox 833 1433 931 1496; x_wconf 89' lang='lat' dir='ltr'><strong>claras</strong></span> <span class='ocrx_word' id='word_1_74' title='bbox 946 1432 1098 1515; x_wconf 87' lang='lat' dir='ltr'><strong>singulas,</strong></span> <span class='ocrx_word' id='word_1_75' title='bbox 1113 1433 1147 1494; x_wconf 91' lang='lat' dir='ltr'><strong>iu</strong></span> <span class='ocrx_word' id='word_1_76' title='bbox 1162 1454 1229 1496; x_wconf 88' lang='lat' dir='ltr'><strong>ma-</strong></span> 
     </span>
     <span class='ocr_line' id='line_1_11' title="bbox 235 1518 1229 1595; baseline 0 -15"><span class='ocrx_word' id='word_1_77' title='bbox 235 1539 281 1580; x_wconf 88' lang='lat' dir='ltr'><strong>nu</strong></span> <span class='ocrx_word' id='word_1_78' title='bbox 295 1518 410 1582; x_wconf 82' lang='lat' dir='ltr'><strong>dextra</strong></span> <span class='ocrx_word' id='word_1_79' title='bbox 424 1518 663 1595; x_wconf 86' lang='lat' dir='ltr'><strong>claramunam,</strong></span> <span class='ocrx_word' id='word_1_80' title='bbox 678 1519 711 1582; x_wconf 89' lang='lat' dir='ltr'><strong>in</strong></span> <span class='ocrx_word' id='word_1_81' title='bbox 725 1519 837 1582; x_wconf 89' lang='lat' dir='ltr'><strong>eodem</strong></span> <span class='ocrx_word' id='word_1_82' title='bbox 849 1518 1075 1595; x_wconf 89' lang='lat' dir='ltr'><strong>cubitouuam,</strong></span> <span class='ocrx_word' id='word_1_83' title='bbox 1084 1518 1120 1580; x_wconf 89' lang='lat' dir='ltr'><strong>in</strong></span> <span class='ocrx_word' id='word_1_84' title='bbox 1131 1539 1229 1580; x_wconf 87' lang='lat' dir='ltr'><strong>manu</strong></span> 
     </span>
     <span class='ocr_line' id='line_1_12' title="bbox 236 1603 1230 1690; baseline -0.001 -24"><span class='ocrx_word' id='word_1_85' title='bbox 236 1603 364 1666; x_wconf 89' lang='lat' dir='ltr'><strong>sinistra</strong></span> <span class='ocrx_word' id='word_1_86' title='bbox 378 1625 486 1690; x_wconf 84' lang='lat' dir='ltr'><strong>unam,</strong></span> <span class='ocrx_word' id='word_1_87' title='bbox 500 1603 534 1668; x_wconf 86' lang='lat' dir='ltr'><strong>in</strong></span> <span class='ocrx_word' id='word_1_88' title='bbox 550 1604 665 1668; x_wconf 81' lang='lat' dir='ltr'><strong>dextra</strong></span> <span class='ocrx_word' id='word_1_89' title='bbox 675 1614 766 1688; x_wconf 88' lang='lat' dir='ltr'><strong>parte</strong></span> <span class='ocrx_word' id='word_1_90' title='bbox 781 1604 964 1668; x_wconf 87' lang='lat' dir='ltr'><strong>lumborum</strong></span> <span class='ocrx_word' id='word_1_91' title='bbox 983 1604 1100 1668; x_wconf 89' lang='lat' dir='ltr'><strong>claram</strong></span> <span class='ocrx_word' id='word_1_92' title='bbox 1121 1624 1230 1683; x_wconf 88' lang='lat' dir='ltr'><strong>unam,</strong></span> 
     </span>
     <span class='ocr_line' id='line_1_13' title="bbox 235 1688 1229 1773; baseline 0 -23"><span class='ocrx_word' id='word_1_93' title='bbox 235 1689 270 1751; x_wconf 92' lang='lat' dir='ltr'><strong>in</strong></span> <span class='ocrx_word' id='word_1_94' title='bbox 285 1689 413 1756; x_wconf 82' lang='lat' dir='ltr'><strong>sinistro</strong></span> <span class='ocrx_word' id='word_1_95' title='bbox 428 1689 679 1756; x_wconf 80' lang='lat' dir='ltr'><strong>femore-claram</strong></span> <span class='ocrx_word' id='word_1_96' title='bbox 695 1711 803 1766; x_wconf 86' lang='lat' dir='ltr'><strong>unam,</strong></span> <span class='ocrx_word' id='word_1_97' title='bbox 819 1690 853 1752; x_wconf 90' lang='lat' dir='ltr'><strong>in</strong></span> <span class='ocrx_word' id='word_1_98' title='bbox 867 1689 998 1772; x_wconf 88' lang='lat' dir='ltr'><strong>singulis</strong></span> <span class='ocrx_word' id='word_1_99' title='bbox 1013 1688 1150 1773; x_wconf 86' lang='lat' dir='ltr'><strong>genibus</strong></span> <span class='ocrx_word' id='word_1_100' title='bbox 1164 1688 1229 1752; x_wconf 91' lang='lat' dir='ltr'><strong>sin·</strong></span> 
     </span>
     <span class='ocr_line' id='line_1_14' title="bbox 235 1773 1230 1859; baseline -0.001 -22"><span class='ocrx_word' id='word_1_101' title='bbox 235 1775 336 1857; x_wconf 86' lang='lat' dir='ltr'><strong>gulas,</strong></span> <span class='ocrx_word' id='word_1_102' title='bbox 353 1775 388 1837; x_wconf 90' lang='lat' dir='ltr'><strong>in</strong></span> <span class='ocrx_word' id='word_1_103' title='bbox 399 1775 536 1858; x_wconf 89' lang='lat' dir='ltr'><strong>singulis</strong></span> <span class='ocrx_word' id='word_1_104' title='bbox 551 1775 638 1838; x_wconf 88' lang='lat' dir='ltr'><strong>tibiis</strong></span> <span class='ocrx_word' id='word_1_105' title='bbox 653 1775 806 1857; x_wconf 86' lang='lat' dir='ltr'><strong>singulas,</strong></span> <span class='ocrx_word' id='word_1_106' title='bbox 821 1775 1003 1858; x_wconf 89' lang='lat' dir='ltr'><strong>insingulis</strong></span> <span class='ocrx_word' id='word_1_107' title='bbox 1018 1773 1154 1859; x_wconf 90' lang='lat' dir='ltr'><strong>pedibus</strong></span> <span class='ocrx_word' id='word_1_108' title='bbox 1165 1773 1230 1836; x_wconf 83' lang='lat' dir='ltr'><strong>sin-</strong></span> 
     </span>
     <span class='ocr_line' id='line_1_15' title="bbox 233 1859 1229 1945; baseline -0.002 -21"><span class='ocrx_word' id='word_1_109' title='bbox 233 1859 335 1942; x_wconf 86' lang='lat' dir='ltr'><strong>gulas,</strong></span> <span class='ocrx_word' id='word_1_110' title='bbox 362 1861 396 1926; x_wconf 89' lang='lat' dir='ltr'><strong>in</strong></span> <span class='ocrx_word' id='word_1_111' title='bbox 419 1861 523 1944; x_wconf 89' lang='lat' dir='ltr'><strong>capite</strong></span> <span class='ocrx_word' id='word_1_112' title='bbox 549 1861 711 1944; x_wconf 84' lang='lat' dir='ltr'><strong>Gorgonis</strong></span> <span class='ocrx_word' id='word_1_113' title='bbox 730 1861 980 1945; x_wconf 88' lang='lat' dir='ltr'><strong>circumquaque</strong></span> <span class='ocrx_word' id='word_1_114' title='bbox 991 1873 1067 1938; x_wconf 88' lang='lat' dir='ltr'><strong>tres,</strong></span> <span class='ocrx_word' id='word_1_115' title='bbox 1082 1860 1117 1923; x_wconf 90' lang='lat' dir='ltr'><strong>in</strong></span> <span class='ocrx_word' id='word_1_116' title='bbox 1131 1859 1229 1943; x_wconf 89' lang='lat' dir='ltr'><strong>harpe</strong></span> 
     </span>
     <span class='ocr_line' id='line_1_16' title="bbox 235 1945 766 2012; baseline 0.004 -4"><span class='ocrx_word' id='word_1_117' title='bbox 235 1967 342 2012; x_wconf 88' lang='lat' dir='ltr'><strong>unam.</strong></span> <span class='ocrx_word' id='word_1_118' title='bbox 387 1945 489 2010; x_wconf 86' lang='lat' dir='ltr'><strong>Fiunt</strong></span> <span class='ocrx_word' id='word_1_119' title='bbox 499 1969 608 2010; x_wconf 90' lang='lat' dir='ltr'><strong>omnes</strong></span> <span class='ocrx_word' id='word_1_120' title='bbox 623 1945 766 2011; x_wconf 87' lang='lat' dir='ltr'><strong>XVIII.</strong></span> 
     </span>
    </p>

    <p class='ocr_par' dir='ltr' id='par_1_3' title="bbox 233 2030 1232 2458">
     <span class='ocr_line' id='line_1_17' title="bbox 280 2030 1231 2116; baseline 0 -22"><span class='ocrx_word' id='word_1_121' title='bbox 280 2030 427 2096; x_wconf 86' lang='lat' dir='ltr'><strong>Pleiades</strong></span> <span class='ocrx_word' id='word_1_122' title='bbox 443 2055 462 2098; x_wconf 89' lang='lat' dir='ltr'><strong>a</strong></span> <span class='ocrx_word' id='word_1_123' title='bbox 476 2032 659 2116; x_wconf 80' lang='lat' dir='ltr'><strong>pluralitate</strong></span> <span class='ocrx_word' id='word_1_124' title='bbox 675 2032 783 2096; x_wconf 87' lang='lat' dir='ltr'><strong>Graeci</strong></span> <span class='ocrx_word' id='word_1_125' title='bbox 798 2043 932 2108; x_wconf 84' lang='lat' dir='ltr'><strong>vocant3</strong></span> <span class='ocrx_word' id='word_1_126' title='bbox 957 2031 1077 2108; x_wconf 87' lang='lat' dir='ltr'><strong>Latini,</strong></span> <span class='ocrx_word' id='word_1_127' title='bbox 1094 2030 1231 2115; x_wconf 89' lang='lat' dir='ltr'><strong>eoquod</strong></span> 
     </span>
     <span class='ocr_line' id='line_1_18' title="bbox 233 2117 1230 2200; baseline 0.002 -20"><span class='ocrx_word' id='word_1_128' title='bbox 233 2139 309 2181; x_wconf 78' lang='lat' dir='ltr'><strong>sere</strong></span> <span class='ocrx_word' id='word_1_129' title='bbox 324 2118 524 2194; x_wconf 86' lang='lat' dir='ltr'><strong>exoriantur,</strong></span> <span class='ocrx_word' id='word_1_130' title='bbox 539 2117 699 2200; x_wconf 78' lang='lat' dir='ltr'><strong>Vergilias</strong></span> <span class='ocrx_word' id='word_1_131' title='bbox 715 2118 835 2182; x_wconf 82' lang='lat' dir='ltr'><strong>dicunt.</strong></span> <span class='ocrx_word' id='word_1_132' title='bbox 880 2117 1092 2182; x_wconf 90' lang='lat' dir='ltr'><strong>Dicitautem</strong></span> <span class='ocrx_word' id='word_1_133' title='bbox 1110 2117 1230 2182; x_wconf 87' lang='lat' dir='ltr'><strong>Phere-</strong></span> 
     </span>
     <span class='ocr_line' id='line_1_19' title="bbox 236 2202 1230 2287; baseline 0 -21"><span class='ocrx_word' id='word_1_134' title='bbox 236 2203 331 2286; x_wconf 91' lang='lat' dir='ltr'><strong>cydes</strong></span> <span class='ocrx_word' id='word_1_135' title='bbox 345 2203 539 2280; x_wconf 86' lang='lat' dir='ltr'><strong>Athenaeus‚</strong></span> <span class='ocrx_word' id='word_1_136' title='bbox 555 2217 680 2287; x_wconf 86' lang='lat' dir='ltr'><strong>septem</strong></span> <span class='ocrx_word' id='word_1_137' title='bbox 692 2225 814 2267; x_wconf 86' lang='lat' dir='ltr'><strong>sorores</strong></span> <span class='ocrx_word' id='word_1_138' title='bbox 837 2203 945 2280; x_wconf 86' lang='lat' dir='ltr'><strong>fuisse,</strong></span> <span class='ocrx_word' id='word_1_139' title='bbox 973 2203 1115 2286; x_wconf 87' lang='lat' dir='ltr'><strong>Lycurgi</strong></span> <span class='ocrx_word' id='word_1_140' title='bbox 1134 2202 1230 2280; x_wconf 85' lang='lat' dir='ltr'><strong>filias,</strong></span> 
     </span>
     <span class='ocr_line' id='line_1_20' title="bbox 237 2288 1232 2374; baseline 0 -22"><span class='ocrx_word' id='word_1_141' title='bbox 237 2311 280 2352; x_wconf 84' lang='lat' dir='ltr'><strong>ex</strong></span> <span class='ocrx_word' id='word_1_142' title='bbox 296 2289 394 2355; x_wconf 86' lang='lat' dir='ltr'><strong>Naxo</strong></span> <span class='ocrx_word' id='word_1_143' title='bbox 404 2289 520 2367; x_wconf 89' lang='lat' dir='ltr'><strong>insula,</strong></span> <span class='ocrx_word' id='word_1_144' title='bbox 537 2300 570 2352; x_wconf 92' lang='lat' dir='ltr'><strong>et</strong></span> <span class='ocrx_word' id='word_1_145' title='bbox 584 2312 642 2374; x_wconf 92' lang='lat' dir='ltr'><strong>pro</strong></span> <span class='ocrx_word' id='word_1_146' title='bbox 657 2313 695 2353; x_wconf 88' lang='lat' dir='ltr'><strong>eo</strong></span> <span class='ocrx_word' id='word_1_147' title='bbox 710 2290 798 2373; x_wconf 91' lang='lat' dir='ltr'><strong>quod</strong></span> <span class='ocrx_word' id='word_1_148' title='bbox 810 2288 964 2353; x_wconf 90' lang='lat' dir='ltr'><strong>Liberum</strong></span> <span class='ocrx_word' id='word_1_149' title='bbox 973 2289 1198 2364; x_wconf 90' lang='lat' dir='ltr'><strong>educaverunt,</strong></span> <span class='ocrx_word' id='word_1_150' title='bbox 1212 2311 1232 2352; x_wconf 89' lang='lat' dir='ltr'><strong>a</strong></span> 
     </span>
     <span class='ocr_line' id='line_1_21' title="bbox 236 2372 1232 2458; baseline -0.001 -21"><span class='ocrx_word' id='word_1_151' title='bbox 236 2372 315 2438; x_wconf 83' lang='lat' dir='ltr'><strong>Jove</strong></span> <span class='ocrx_word' id='word_1_152' title='bbox 329 2375 413 2438; x_wconf 87' lang='lat' dir='ltr'><strong>inter</strong></span> <span class='ocrx_word' id='word_1_153' title='bbox 425 2375 528 2438; x_wconf 90' lang='lat' dir='ltr'><strong>sidera</strong></span> <span class='ocrx_word' id='word_1_154' title='bbox 540 2386 619 2440; x_wconf 87' lang='lat' dir='ltr'><strong>sunt</strong></span> <span class='ocrx_word' id='word_1_155' title='bbox 634 2375 752 2439; x_wconf 82' lang='lat' dir='ltr'><strong>relatae.</strong></span> <span class='ocrx_word' id='word_1_156' title='bbox 769 2415 771 2422; x_wconf 69' lang='lat'><em>,</em></span> <span class='ocrx_word' id='word_1_157' title='bbox 785 2373 912 2439; x_wconf 88' lang='lat' dir='ltr'><strong>Harum</strong></span> <span class='ocrx_word' id='word_1_158' title='bbox 924 2375 1053 2438; x_wconf 91' lang='lat' dir='ltr'><strong>nomina</strong></span> <span class='ocrx_word' id='word_1_159' title='bbox 1064 2384 1232 2458; x_wconf 85' lang='lat' dir='ltr'><strong>putantur,</strong></span> 
     </span>
    </p>
   </div>
   <div class='ocr_carea' id='block_1_3' title="bbox 234 2458 1233 3124">
    <p class='ocr_par' dir='ltr' id='par_1_4' title="bbox 234 2458 1233 3124">
     <span class='ocr_line' id='line_1_22' title="bbox 238 2458 1232 2544; baseline 0.001 -23"><span class='ocrx_word' id='word_1_160' title='bbox 238 2458 379 2537; x_wconf 85' lang='lat' dir='ltr'><strong>Electra,</strong></span> <span class='ocrx_word' id='word_1_161' title='bbox 398 2460 554 2542; x_wconf 82' lang='lat' dir='ltr'><strong>Alcyone,</strong></span> <span class='ocrx_word' id='word_1_162' title='bbox 574 2461 713 2538; x_wconf 74' lang='lat' dir='ltr'><strong>caleno,</strong></span> <span class='ocrx_word' id='word_1_163' title='bbox 727 2460 898 2544; x_wconf 83' lang='lat' dir='ltr'><strong>Asterope,</strong></span> <span class='ocrx_word' id='word_1_164' title='bbox 913 2460 1060 2544; x_wconf 86' lang='lat' dir='ltr'><strong>Merope,</strong></span> <span class='ocrx_word' id='word_1_165' title='bbox 1076 2459 1232 2542; x_wconf 84' lang='lat' dir='ltr'><strong>Taygete,</strong></span> 
     </span>
     <span class='ocr_line' id='line_1_23' title="bbox 238 2544 1231 2631; baseline -0.001 -23"><span class='ocrx_word' id='word_1_166' title='bbox 238 2544 345 2610; x_wconf 88' lang='lat' dir='ltr'><strong>Maia:</strong></span> <span class='ocrx_word' id='word_1_167' title='bbox 377 2567 513 2630; x_wconf 88' lang='lat' dir='ltr'><strong>quarum</strong></span> <span class='ocrx_word' id='word_1_168' title='bbox 540 2547 720 2631; x_wconf 83' lang='lat' dir='ltr'><strong>septimam,</strong></span> <span class='ocrx_word' id='word_1_169' title='bbox 744 2557 782 2610; x_wconf 94' lang='lat' dir='ltr'><strong>ut</strong></span> <span class='ocrx_word' id='word_1_170' title='bbox 808 2546 853 2609; x_wconf 89' lang='lat' dir='ltr'><strong>ait</strong></span> <span class='ocrx_word' id='word_1_171' title='bbox 877 2547 1007 2625; x_wconf 85' lang='lat' dir='ltr'><strong>Aratus,</strong></span> <span class='ocrx_word' id='word_1_172' title='bbox 1033 2546 1088 2609; x_wconf 85' lang='lat' dir='ltr'><strong>vix</strong></span> <span class='ocrx_word' id='word_1_173' title='bbox 1111 2545 1231 2609; x_wconf 90' lang='lat' dir='ltr'><strong>intueri</strong></span> 
     </span>
     <span class='ocr_line' id='line_1_24' title="bbox 236 2630 1231 2716; baseline -0.002 -22"><span class='ocrx_word' id='word_1_174' title='bbox 236 2630 323 2709; x_wconf 85' lang='lat' dir='ltr'><strong>lieet,</strong></span> <span class='ocrx_word' id='word_1_175' title='bbox 347 2654 444 2716; x_wconf 86' lang='lat' dir='ltr'><strong>quam</strong></span> <span class='ocrx_word' id='word_1_176' title='bbox 468 2632 599 2715; x_wconf 83' lang='lat' dir='ltr'><strong>quidam</strong></span> <span class='ocrx_word' id='word_1_177' title='bbox 625 2654 692 2716; x_wconf 79' lang='lat' dir='ltr'><strong>prae</strong></span> <span class='ocrx_word' id='word_1_178' title='bbox 712 2633 835 2695; x_wconf 81' lang='lat' dir='ltr'><strong>timore</strong></span> <span class='ocrx_word' id='word_1_179' title='bbox 856 2631 998 2696; x_wconf 63' lang='lat' dir='ltr'><strong>‘Orionis</strong></span> <span class='ocrx_word' id='word_1_180' title='bbox 1023 2631 1141 2714; x_wconf 83' lang='lat' dir='ltr'><strong>fugisse</strong></span> <span class='ocrx_word' id='word_1_181' title='bbox 1170 2652 1231 2714; x_wconf 94' lang='lat' dir='ltr'><strong>pu-</strong></span> 
     </span>
     <span class='ocr_line' id='line_1_25' title="bbox 237 2717 1231 2802; baseline -0.001 -22"><span class='ocrx_word' id='word_1_182' title='bbox 237 2728 329 2794; x_wconf 64' lang='lat' dir='ltr'><strong>tant,</strong></span> <span class='ocrx_word' id='word_1_183' title='bbox 349 2718 482 2801; x_wconf 60' lang='lat' dir='ltr'><strong>»quidam</strong></span> <span class='ocrx_word' id='word_1_184' title='bbox 497 2741 520 2781; x_wconf 88' lang='lat' dir='ltr'><strong>a</strong></span> <span class='ocrx_word' id='word_1_185' title='bbox 532 2717 607 2782; x_wconf 85' lang='lat' dir='ltr'><strong>Sole</strong></span> <span class='ocrx_word' id='word_1_186' title='bbox 621 2729 822 2802; x_wconf 84' lang='lat' dir='ltr'><strong>persecutam</strong></span> <span class='ocrx_word' id='word_1_187' title='bbox 844 2718 1051 2798; x_wconf 89' lang='lat' dir='ltr'><strong>arbitrantur,</strong></span> <span class='ocrx_word' id='word_1_188' title='bbox 1073 2727 1231 2780; x_wconf 86' lang='lat' dir='ltr'><strong>vocatam·</strong></span> 
     </span>
     <span class='ocr_line' id='line_1_26' title="bbox 234 2801 1231 2888; baseline -0.001 -23"><span class='ocrx_word' id='word_1_189' title='bbox 234 2825 302 2886; x_wconf 70' lang='lat' dir='ltr'><strong>‹que</strong></span> <span class='ocrx_word' id='word_1_190' title='bbox 318 2801 492 2888; x_wconf 88' lang='lat' dir='ltr'><strong>Electram,</strong></span> <span class='ocrx_word' id='word_1_191' title='bbox 505 2826 578 2888; x_wconf 88' lang='lat' dir='ltr'><strong>quae</strong></span> <span class='ocrx_word' id='word_1_192' title='bbox 593 2826 659 2867; x_wconf 89' lang='lat' dir='ltr'><strong>non</strong></span> <span class='ocrx_word' id='word_1_193' title='bbox 671 2804 832 2867; x_wconf 88' lang='lat' dir='ltr'><strong>sustinens</strong></span> <span class='ocrx_word' id='word_1_194' title='bbox 847 2803 953 2867; x_wconf 91' lang='lat' dir='ltr'><strong>videre</strong></span> <span class='ocrx_word' id='word_1_195' title='bbox 968 2825 1059 2868; x_wconf 88' lang='lat' dir='ltr'><strong>casus</strong></span> <span class='ocrx_word' id='word_1_196' title='bbox 1073 2824 1231 2887; x_wconf 89' lang='lat' dir='ltr'><strong>pronepo-</strong></span> 
     </span>
     <span class='ocr_line' id='line_1_27' title="bbox 237 2887 1233 2972; baseline -0.002 -20"><span class='ocrx_word' id='word_1_197' title='bbox 237 2899 319 2968; x_wconf 85' lang='lat' dir='ltr'><strong>tum,</strong></span> <span class='ocrx_word' id='word_1_198' title='bbox 333 2889 463 2972; x_wconf 81' lang='lat' dir='ltr'><strong>fngerit.</strong></span> <span class='ocrx_word' id='word_1_199' title='bbox 489 2943 493 2952; x_wconf 88' lang='lat'><strong>.</strong></span> <span class='ocrx_word' id='word_1_200' title='bbox 508 2887 653 2954; x_wconf 67' lang='lat' dir='ltr'><strong>Unde‘et</strong></span> <span class='ocrx_word' id='word_1_201' title='bbox 666 2890 754 2953; x_wconf 88' lang='lat' dir='ltr'><strong>illam</strong></span> <span class='ocrx_word' id='word_1_202' title='bbox 767 2889 928 2952; x_wconf 87' lang='lat' dir='ltr'><strong>dissolutis</strong></span> <span class='ocrx_word' id='word_1_203' title='bbox 943 2890 1082 2953; x_wconf 91' lang='lat' dir='ltr'><strong>crinibus</strong></span> <span class='ocrx_word' id='word_1_204' title='bbox 1101 2901 1233 2972; x_wconf 88' lang='lat' dir='ltr'><strong>propter</strong></span> 
     </span>
     <span class='ocr_line' id='line_1_28' title="bbox 237 2972 1233 3124; baseline -0.001 -87"><span class='ocrx_word' id='word_1_205' title='bbox 237 2973 361 3038; x_wconf 92' lang='lat' dir='ltr'><strong>luctum</strong></span> <span class='ocrx_word' id='word_1_206' title='bbox 375 2975 422 3038; x_wconf 88' lang='lat' dir='ltr'><strong>ire</strong></span> <span class='ocrx_word' id='word_1_207' title='bbox 437 2987 594 3055; x_wconf 86' lang='lat' dir='ltr'><strong>asserunt,</strong></span> <span class='ocrx_word' id='word_1_208' title='bbox 619 2987 653 3040; x_wconf 90' lang='lat' dir='ltr'><strong>et</strong></span> <span class='ocrx_word' id='word_1_209' title='bbox 664 2987 795 3124; x_wconf 67' lang='lat' dir='ltr'><strong>propper</strong></span> <span class='ocrx_word' id='word_1_210' title='bbox 809 2997 913 3039; x_wconf 90' lang='lat' dir='ltr'><strong>comas</strong></span> <span class='ocrx_word' id='word_1_211' title='bbox 928 2975 1059 3059; x_wconf 89' lang='lat' dir='ltr'><strong>quidam</strong></span> <span class='ocrx_word' id='word_1_212' title='bbox 1074 2972 1233 3040; x_wconf 89' lang='lat' dir='ltr'><strong>Cometen</strong></span> 
     </span>
    </p>
   </div>
   <div class='ocr_carea' id='block_1_4' title="bbox 237 3060 1236 4174">
    <p class='ocr_par' dir='ltr' id='par_1_5' title="bbox 237 3060 1235 3830">
     <span class='ocr_line' id='line_1_29' title="bbox 239 3060 1232 3144; baseline -0.003 -20"><span class='ocrx_word' id='word_1_213' title='bbox 239 3060 411 3143; x_wconf 80' lang='lat' dir='ltr'><strong>appellant.</strong></span> <span class='ocrx_word' id='word_1_214' title='bbox 457 3060 615 3124; x_wconf 90' lang='lat' dir='ltr'><strong>Nonnulli</strong></span> <span class='ocrx_word' id='word_1_215' title='bbox 629 3084 703 3124; x_wconf 86' lang='lat' dir='ltr'><strong>vero</strong></span> <span class='ocrx_word' id='word_1_216' title='bbox 760 3083 878 3144; x_wconf 86' lang='lat' dir='ltr'><strong>eropon</strong></span> <span class='ocrx_word' id='word_1_217' title='bbox 891 3083 958 3124; x_wconf 87' lang='lat' dir='ltr'><strong>esse</strong></span> <span class='ocrx_word' id='word_1_218' title='bbox 970 3071 1149 3140; x_wconf 89' lang='lat' dir='ltr'><strong>autumant,</strong></span> <span class='ocrx_word' id='word_1_219' title='bbox 1158 3081 1232 3142; x_wconf 87' lang='lat' dir='ltr'><strong>quae</strong></span> 
     </span>
     <span class='ocr_line' id='line_1_30' title="bbox 238 3143 1232 3230; baseline -0.002 -22"><span class='ocrx_word' id='word_1_220' title='bbox 238 3156 342 3230; x_wconf 83' lang='lat' dir='ltr'><strong>nupta</strong></span> <span class='ocrx_word' id='word_1_221' title='bbox 356 3167 375 3209; x_wconf 84' lang='lat' dir='ltr'><strong>a</strong></span> <span class='ocrx_word' id='word_1_222' title='bbox 390 3147 528 3230; x_wconf 87' lang='lat' dir='ltr'><strong>quodam</strong></span> <span class='ocrx_word' id='word_1_223' title='bbox 542 3146 609 3210; x_wconf 82' lang='lat' dir='ltr'><strong>viro</strong></span> <span class='ocrx_word' id='word_1_224' title='bbox 625 3147 788 3210; x_wconf 88' lang='lat' dir='ltr'><strong>nominata</strong></span> <span class='ocrx_word' id='word_1_225' title='bbox 809 3157 858 3209; x_wconf 90' lang='lat' dir='ltr'><strong>est</strong></span> <span class='ocrx_word' id='word_1_226' title='bbox 882 3145 1108 3230; x_wconf 87' lang='lat' dir='ltr'><strong>Hippodamia.</strong></span> <span class='ocrx_word' id='word_1_227' title='bbox 1154 3143 1232 3208; x_wconf 91' lang='lat' dir='ltr'><strong>Mu-</strong></span> 
     </span>
     <span class='ocr_line' id='line_1_31' title="bbox 238 3231 1233 3315; baseline -0.002 -21"><span class='ocrx_word' id='word_1_228' title='bbox 238 3253 322 3295; x_wconf 85' lang='lat' dir='ltr'><strong>saeus</strong></span> <span class='ocrx_word' id='word_1_229' title='bbox 334 3241 444 3301; x_wconf 79' lang='lat' dir='ltr'><strong>autem</strong></span> <span class='ocrx_word' id='word_1_230' title='bbox 453 3231 655 3308; x_wconf 71' lang='lat' dir='ltr'><strong>refertdlias</strong></span> <span class='ocrx_word' id='word_1_231' title='bbox 664 3232 807 3296; x_wconf 88' lang='lat' dir='ltr'><strong>Atlantis</strong></span> <span class='ocrx_word' id='word_1_232' title='bbox 817 3231 915 3296; x_wconf 80' lang='lat' dir='ltr'><strong>fuisse</strong></span> <span class='ocrx_word' id='word_1_233' title='bbox 928 3231 1233 3315; x_wconf 84' lang='lat' dir='ltr'><strong>septem,exquibus</strong></span> 
     </span>
     <span class='ocr_line' id='line_1_32' title="bbox 238 3317 1234 3398; baseline 0 -19"><span class='ocrx_word' id='word_1_234' title='bbox 238 3338 298 3380; x_wconf 87' lang='lat' dir='ltr'><strong>sex</strong></span> <span class='ocrx_word' id='word_1_235' title='bbox 309 3317 401 3382; x_wconf 85' lang='lat' dir='ltr'><strong>clarae</strong></span> <span class='ocrx_word' id='word_1_236' title='bbox 413 3328 499 3397; x_wconf 88' lang='lat' dir='ltr'><strong>sunt,</strong></span> <span class='ocrx_word' id='word_1_237' title='bbox 507 3318 730 3394; x_wconf 81' lang='lat' dir='ltr'><strong>una-obseura3</strong></span> <span class='ocrx_word' id='word_1_238' title='bbox 754 3339 827 3380; x_wconf 92' lang='lat' dir='ltr'><strong>cum</strong></span> <span class='ocrx_word' id='word_1_239' title='bbox 839 3318 898 3380; x_wconf 88' lang='lat' dir='ltr'><strong>diis</strong></span> <span class='ocrx_word' id='word_1_240' title='bbox 907 3318 1157 3398; x_wconf 89' lang='lat' dir='ltr'><strong>concubuerunt,</strong></span> <span class='ocrx_word' id='word_1_241' title='bbox 1169 3327 1234 3380; x_wconf 88' lang='lat' dir='ltr'><strong>tres</strong></span> 
     </span>
     <span class='ocr_line' id='line_1_33' title="bbox 239 3402 1234 3484; baseline -0.002 -18"><span class='ocrx_word' id='word_1_242' title='bbox 239 3424 313 3466; x_wconf 91' lang='lat' dir='ltr'><strong>cum</strong></span> <span class='ocrx_word' id='word_1_243' title='bbox 328 3402 417 3482; x_wconf 87' lang='lat' dir='ltr'><strong>Jove,</strong></span> <span class='ocrx_word' id='word_1_244' title='bbox 433 3415 466 3467; x_wconf 91' lang='lat' dir='ltr'><strong>et</strong></span> <span class='ocrx_word' id='word_1_245' title='bbox 481 3425 530 3467; x_wconf 87' lang='lat' dir='ltr'><strong>ex.</strong></span> <span class='ocrx_word' id='word_1_246' title='bbox 539 3403 670 3468; x_wconf 86' lang='lat' dir='ltr'><strong>Electra</strong></span> <span class='ocrx_word' id='word_1_247' title='bbox 686 3403 867 3484; x_wconf 87' lang='lat' dir='ltr'><strong>Dardanus,</strong></span> <span class='ocrx_word' id='word_1_248' title='bbox 881 3425 925 3466; x_wconf 87' lang='lat' dir='ltr'><strong>ex</strong></span> <span class='ocrx_word' id='word_1_249' title='bbox 940 3402 1030 3466; x_wconf 92' lang='lat' dir='ltr'><strong>Maia</strong></span> <span class='ocrx_word' id='word_1_250' title='bbox 1041 3402 1234 3483; x_wconf 90' lang='lat' dir='ltr'><strong>Mercurius,</strong></span> 
     </span>
     <span class='ocr_line' id='line_1_34' title="bbox 240 3488 1235 3572; baseline -0.001 -21"><span class='ocrx_word' id='word_1_251' title='bbox 240 3511 283 3552; x_wconf 83' lang='lat' dir='ltr'><strong>ex</strong></span> <span class='ocrx_word' id='word_1_252' title='bbox 298 3488 442 3572; x_wconf 87' lang='lat' dir='ltr'><strong>Taygete</strong></span> <span class='ocrx_word' id='word_1_253' title='bbox 455 3488 687 3566; x_wconf 84' lang='lat' dir='ltr'><strong>Lacedaemon;</strong></span> <span class='ocrx_word' id='word_1_254' title='bbox 712 3511 785 3552; x_wconf 89' lang='lat' dir='ltr'><strong>cum</strong></span> <span class='ocrx_word' id='word_1_255' title='bbox 802 3488 958 3572; x_wconf 90' lang='lat' dir='ltr'><strong>Neptuno</strong></span> <span class='ocrx_word' id='word_1_256' title='bbox 973 3489 1058 3568; x_wconf 86' lang='lat' dir='ltr'><strong>duae,</strong></span> <span class='ocrx_word' id='word_1_257' title='bbox 1080 3488 1235 3572; x_wconf 86' lang='lat' dir='ltr'><strong>Alcyone,</strong></span> 
     </span>
     <span class='ocr_line' id='line_1_35' title="bbox 237 3573 1234 3659; baseline -0.001 -21"><span class='ocrx_word' id='word_1_258' title='bbox 237 3597 285 3638; x_wconf 84' lang='lat' dir='ltr'><strong>ex</strong></span> <span class='ocrx_word' id='word_1_259' title='bbox 296 3597 362 3658; x_wconf 90' lang='lat' dir='ltr'><strong>qua</strong></span> <span class='ocrx_word' id='word_1_260' title='bbox 377 3573 495 3652; x_wconf 88' lang='lat' dir='ltr'><strong>Herus,</strong></span> <span class='ocrx_word' id='word_1_261' title='bbox 521 3575 661 3656; x_wconf 85' lang='lat' dir='ltr'><strong>Caeleno,</strong></span> <span class='ocrx_word' id='word_1_262' title='bbox 682 3597 726 3638; x_wconf 88' lang='lat' dir='ltr'><strong>ex</strong></span> <span class='ocrx_word' id='word_1_263' title='bbox 741 3597 807 3659; x_wconf 93' lang='lat' dir='ltr'><strong>qua</strong></span> <span class='ocrx_word' id='word_1_264' title='bbox 822 3574 947 3658; x_wconf 78' lang='lat' dir='ltr'><strong>Lycus3</strong></span> <span class='ocrx_word' id='word_1_265' title='bbox 971 3597 1043 3638; x_wconf 91' lang='lat' dir='ltr'><strong>cum</strong></span> <span class='ocrx_word' id='word_1_266' title='bbox 1054 3574 1162 3638; x_wconf 89' lang='lat' dir='ltr'><strong>Marte</strong></span> <span class='ocrx_word' id='word_1_267' title='bbox 1174 3573 1234 3637; x_wconf 89' lang='lat' dir='ltr'><strong>As-</strong></span> 
     </span>
     <span class='ocr_line' id='line_1_36' title="bbox 240 3659 1234 3746; baseline -0.001 -23"><span class='ocrx_word' id='word_1_268' title='bbox 240 3670 363 3745; x_wconf 91' lang='lat' dir='ltr'><strong>terope,</strong></span> <span class='ocrx_word' id='word_1_269' title='bbox 372 3683 415 3724; x_wconf 83' lang='lat' dir='ltr'><strong>ex</strong></span> <span class='ocrx_word' id='word_1_270' title='bbox 424 3684 489 3746; x_wconf 91' lang='lat' dir='ltr'><strong>qua</strong></span> <span class='ocrx_word' id='word_1_271' title='bbox 501 3660 697 3737; x_wconf 82' lang='lat' dir='ltr'><strong>(Enomaus3</strong></span> <span class='ocrx_word' id='word_1_272' title='bbox 712 3660 847 3744; x_wconf 90' lang='lat' dir='ltr'><strong>Merope</strong></span> <span class='ocrx_word' id='word_1_273' title='bbox 859 3682 933 3724; x_wconf 90' lang='lat' dir='ltr'><strong>oum</strong></span> <span class='ocrx_word' id='word_1_274' title='bbox 946 3659 1094 3745; x_wconf 86' lang='lat' dir='ltr'><strong>Sisypho.</strong></span> <span class='ocrx_word' id='word_1_275' title='bbox 1140 3660 1234 3743; x_wconf 89' lang='lat' dir='ltr'><strong>Mag-</strong></span> 
     </span>
     <span class='ocr_line' id='line_1_37' title="bbox 240 3745 918 3830; baseline 0.003 -20"><span class='ocrx_word' id='word_1_276' title='bbox 240 3768 315 3810; x_wconf 90' lang='lat' dir='ltr'><strong>nam</strong></span> <span class='ocrx_word' id='word_1_277' title='bbox 330 3746 417 3830; x_wconf 88' lang='lat' dir='ltr'><strong>apud</strong></span> <span class='ocrx_word' id='word_1_278' title='bbox 428 3747 574 3811; x_wconf 91' lang='lat' dir='ltr'><strong>homines</strong></span> <span class='ocrx_word' id='word_1_279' title='bbox 585 3747 776 3830; x_wconf 88' lang='lat' dir='ltr'><strong>dignitatem</strong></span> <span class='ocrx_word' id='word_1_280' title='bbox 788 3745 918 3812; x_wconf 90' lang='lat' dir='ltr'><strong>habent.</strong></span> 
     </span>
    </p>

    <p class='ocr_par' dir='ltr' id='par_1_6' title="bbox 241 3830 1236 4174">
     <span class='ocr_line' id='line_1_38' title="bbox 285 3830 1235 3916; baseline -0.001 -21"><span class='ocrx_word' id='word_1_281' title='bbox 285 3831 503 3916; x_wconf 88' lang='lat' dir='ltr'><strong>Lyraminter</strong></span> <span class='ocrx_word' id='word_1_282' title='bbox 517 3843 601 3897; x_wconf 87' lang='lat' dir='ltr'><strong>astra</strong></span> <span class='ocrx_word' id='word_1_283' title='bbox 615 3832 799 3896; x_wconf 89' lang='lat' dir='ltr'><strong>collocatam</strong></span> <span class='ocrx_word' id='word_1_284' title='bbox 811 3832 1072 3916; x_wconf 87' lang='lat' dir='ltr'><strong>dicunt,propter</strong></span> <span class='ocrx_word' id='word_1_285' title='bbox 1082 3830 1235 3894; x_wconf 90' lang='lat' dir='ltr'><strong>honorem</strong></span> 
     </span>
     <span class='ocr_line' id='line_1_39' title="bbox 241 3916 1235 4002; baseline -0.004 -20"><span class='ocrx_word' id='word_1_286' title='bbox 241 3917 409 3995; x_wconf 88' lang='lat' dir='ltr'><strong>Mercurii,</strong></span> <span class='ocrx_word' id='word_1_287' title='bbox 425 3919 482 4002; x_wconf 93' lang='lat' dir='ltr'><strong>qni</strong></span> <span class='ocrx_word' id='word_1_288' title='bbox 496 3941 566 3982; x_wconf 89' lang='lat' dir='ltr'><strong>eam</strong></span> <span class='ocrx_word' id='word_1_289' title='bbox 581 3918 723 3983; x_wconf 87' lang='lat' dir='ltr'><strong>condidit</strong></span> <span class='ocrx_word' id='word_1_290' title='bbox 734 3940 777 3981; x_wconf 88' lang='lat' dir='ltr'><strong>ex</strong></span> <span class='ocrx_word' id='word_1_291' title='bbox 789 3918 959 3982; x_wconf 89' lang='lat' dir='ltr'><strong>testudinis</strong></span> <span class='ocrx_word' id='word_1_292' title='bbox 976 3916 1183 3981; x_wconf 88' lang='lat' dir='ltr'><strong>similitudine</strong></span> <span class='ocrx_word' id='word_1_293' title='bbox 1196 3916 1235 3978; x_wconf 91' lang='lat' dir='ltr'><strong>de</strong></span> 
     </span>
     <span class='ocr_line' id='line_1_40' title="bbox 241 4002 1236 4088; baseline -0.002 -21"><span class='ocrx_word' id='word_1_294' title='bbox 241 4003 402 4087; x_wconf 88' lang='lat' dir='ltr'><strong>Apollinis</strong></span> <span class='ocrx_word' id='word_1_295' title='bbox 417 4005 516 4068; x_wconf 89' lang='lat' dir='ltr'><strong>boum</strong></span> <span class='ocrx_word' id='word_1_296' title='bbox 530 4005 701 4082; x_wconf 88' lang='lat' dir='ltr'><strong>cornibus;</strong></span> <span class='ocrx_word' id='word_1_297' title='bbox 725 4004 781 4088; x_wconf 93' lang='lat' dir='ltr'><strong>qui</strong></span> <span class='ocrx_word' id='word_1_298' title='bbox 796 4004 937 4067; x_wconf 88' lang='lat' dir='ltr'><strong>intendit</strong></span> <span class='ocrx_word' id='word_1_299' title='bbox 957 4002 1089 4066; x_wconf 89' lang='lat' dir='ltr'><strong>chordas</strong></span> <span class='ocrx_word' id='word_1_300' title='bbox 1112 4012 1236 4085; x_wconf 90' lang='lat' dir='ltr'><strong>septem</strong></span> 
     </span>
     <span class='ocr_line' id='line_1_41' title="bbox 242 4087 1236 4174; baseline -0.001 -22"><span class='ocrx_word' id='word_1_301' title='bbox 242 4089 448 4155; x_wconf 90' lang='lat' dir='ltr'><strong>Atlantidum</strong></span> <span class='ocrx_word' id='word_1_302' title='bbox 469 4113 613 4156; x_wconf 92' lang='lat' dir='ltr'><strong>numero.</strong></span> <span class='ocrx_word' id='word_1_303' title='bbox 659 4089 877 4172; x_wconf 86' lang='lat' dir='ltr'><strong>Regrediente</strong></span> <span class='ocrx_word' id='word_1_304' title='bbox 898 4089 999 4174; x_wconf 87' lang='lat' dir='ltr'><strong>igitur</strong></span> <span class='ocrx_word' id='word_1_305' title='bbox 1015 4087 1092 4151; x_wconf 92' lang='lat' dir='ltr'><strong>Nilo</strong></span> <span class='ocrx_word' id='word_1_306' title='bbox 1107 4087 1147 4151; x_wconf 89' lang='lat' dir='ltr'><strong>ad</strong></span> <span class='ocrx_word' id='word_1_307' title='bbox 1162 4110 1236 4151; x_wconf 90' lang='lat' dir='ltr'><strong>suos</strong></span> 
     </span>
    </p>
   </div>
   <div class='ocr_carea' id='block_1_5' title="bbox 0 0 1449 4848">
    <p class='ocr_par' dir='ltr' id='par_1_7' title="bbox 0 0 1449 4848">
     <span class='ocr_line' id='line_1_42' title="bbox 0 0 1449 4848; baseline 0 0"><span class='ocrx_word' id='word_1_308' title='bbox 0 0 1449 4848; x_wconf 95' lang='lat' dir='ltr'><strong> </strong></span> 
     </span>
    </p>
   </div>
  </div>
 </body>
</html>
