2868 4848
245 562 289 626 64
664 581 822 630 senonis.

244 745 362 789 messes
371 722 660 810 vindemiasque,et
671 723 815 788 omnium
825 723 1044 788 maturitatem
1053 726 1240 811 amplexan-

243 820 307 874 tur.
352 809 414 876 Est
429 821 585 897 praeterea
603 809 637 874 in
652 809 743 889 caelo,
758 811 815 960 qui
829 823 959 875 vocatur
982 810 1120 876 Lacteus
1137 813 1239 877 eircu-

242 895 305 974 lua,
317 896 414 962 etiam
429 896 497 960 visu
512 895 632 961 facilis:
656 896 754 982 hujus
791 895 906 961 eflnvio
921 897 1007 962 velut
1021 921 1064 962 ex
1077 899 1175 963 ubere
1185 897 1240 963 ali-

243 981 1237 1132 quosatacunctalacteseunt,duorumsiderumobservatione:

277 1069 375 1170 quilae
385 1069 419 1134 in
434 1068 677 1155 septentrionali
688 1079 791 1154 parte,
807 1069 888 1134 etin
904 1069 1046 1134 austrina
1063 1070 1237 1150 Caniculoe,

241 1177 334 1241 cujus
346 1155 545 1220 mentionem
559 1177 618 1220 suo
631 1155 702 1220 loco
716 1155 859 1221 fecimus.
895 1154 970 1242 Ipse
985 1156 1122 1242 circulus
1134 1155 1240 1222 fertur

240 1263 300 1326 per
315 1240 526 1326 Sagittarium
539 1252 573 1307 et
588 1239 754 1318 Geminos,
770 1241 844 1306 solis
858 1253 1003 1307 centrum
1028 1241 1112 1307 infra
1136 1244 1238 1329 aequi-

240 1327 410 1393 noctialem
424 1328 578 1393 circulum
594 1349 715 1405 secans,
730 1326 951 1392 commissuras
962 1349 1072 1392 eorum
1087 1329 1239 1393 obtinen-

239 1413 411 1492 te,hincA
434 1413 510 1492 uila,
523 1413 611 1478 illinc
622 1411 786 1481 Canicula.
834 1412 913 1478 Ideo
924 1414 1055 1479 effectus
1065 1415 1237 1501 utriusque

239 1499 280 1564 ad
294 1437 586 1586 omneslrugiferas
601 1500 743 1584 pertinet
757 1510 868 1578 terras,
883 1501 1035 1586 quoniam
1049 1500 1084 1564 in
1099 1502 1148 1565 his
1164 1514 1238 1566 tan·

239 1599 310 1651 tum
324 1585 401 1651 locis
423 1586 497 1651 solis
512 1596 673 1671 terraeque
687 1596 796 1651 centra
811 1596 1001 1670 congruunt.
1048 1587 1156 1670 Igitur
1178 1587 1238 1653 ho·

238 1693 309 1737 rum
325 1672 465 1738 siderum
484 1672 608 1751 diebus,
623 1672 650 1737 si
664 1693 764 1756 purus
778 1682 876 1758 atque
891 1673 978 1738 mitis
993 1681 1046 1740 aar
1059 1674 1236 1757 genitalem

238 1759 329 1824 illum
352 1759 554 1845 lacteumque
578 1779 707 1824 succum
731 1758 944 1824 transmiserit
963 1759 998 1822 in
1021 1768 1133 1839 terras,
1158 1760 1236 1826 laeta

238 1844 425 1910 adolescunt
438 1857 526 1922 sata3
549 1844 576 1910 si
590 1845 678 1923 luna,
699 1866 763 1930 qua
777 1844 899 1910 dictum
914 1855 965 1910 est
978 1845 1112 1924 ratione,
1138 1849 1235 1911 rosci-

238 1930 314 1996 dum
338 1931 439 2016 frigus
462 1931 645 2016 asperserit,
669 1930 814 1996 admixta
836 1931 1026 2011 amaritudo,
1048 1942 1086 1996 ut
1101 1932 1134 1996 in
1149 1933 1234 1998 lacte

237 2017 444 2102 puerperium
453 2027 558 2082 necat.
603 2015 724 2083 Modus
732 2017 766 2082 in
776 2015 974 2104 terriahujus
983 2016 1120 2104 injuriae,
1134 2041 1233 2105 quam
1317 2027 1320 2032 '

237 2102 314 2168 fecit
329 2103 362 2168 in
373 2125 574 2190 quacumque
583 2103 786 2168 convexitate
798 2102 969 2168 comitatus
978 2103 1145 2189 utriusque
1158 2128 1233 2170 cau-

237 2211 293 2266 sae,
309 2201 343 2254 et
355 2190 428 2254 ideo
442 2213 508 2255 nou
519 2190 641 2275 pariter
653 2189 688 2253 iu
703 2199 771 2254 toto
786 2190 863 2253 orbe
879 2190 1027 2268 sentitur,
1038 2200 1075 2253 ut
1084 2213 1143 2254 nec
1152 2192 1231 2257 dies.

237 2274 392 2362 Aquilam
407 2276 549 2341 diximus
563 2275 598 2340 in
609 2275 705 2340 Italia
714 2275 833 2339 exoriri
843 2274 950 2341 XIII.
973 2276 1031 2343 cal.
1045 2276 1230 2344 Ianuarias:

236 2385 296 2428 nec
309 2363 433 2447 patitur
441 2363 523 2428 ratio
535 2372 660 2428 naturae
671 2361 842 2448 quiequam
851 2361 885 2424 in
894 2361 971 2426 satis
981 2373 1136 2427 antaeum
1146 2364 1232 2428 diem

237 2448 306 2533 spei
320 2471 389 2513 esse
404 2459 512 2514 certae.
560 2448 594 2512 Si
610 2471 684 2513 vero
698 2447 908 2513 interlunium
923 2448 1054 2530 incidat,
1063 2449 1232 2513 omueshi-

236 2536 353 2600 bernos
368 2534 490 2600 fructus
504 2535 579 2599 laedi
594 2557 721 2599 neeesse
736 2545 796 2599 est.
842 2533 948 2598 Rudis
970 2534 1033 2599 fuit
1054 2536 1231 2620 priscorum

235 2621 311 2699 vita,
331 2631 429 2707 atque
454 2620 522 2685 sine
545 2620 657 2698 literis,
681 2642 747 2685 non
769 2619 876 2685 minus
900 2631 1008 2685 tamen
1031 2621 1231 2705 ingeniosam

235 2707 333 2772 fuisse
349 2707 383 2772 in
398 2707 460 2773 illis
475 2707 728 2772 observationem
743 2707 922 2792 apparebit,
943 2729 1041 2794 quam
1060 2730 1146 2772 nunc
1161 2731 1231 2773 esse

236 2794 406 2858 rationem.
452 2793 529 2858 Tria
540 2815 679 2879 namque
694 2803 840 2879 tempora
853 2793 1017 2858 fructibus
1029 2795 1231 2874 metuebant,

235 2891 368 2965 propter
382 2880 469 2966 quod
483 2879 695 2945 instituerunt
708 2879 814 2958 ferias,
831 2879 963 2966 diesque
982 2880 1099 2944 festos:
1123 2880 1231 2945 Rubi-

235 2967 329 3050 galia,
337 2965 633 3045 Floralia,Vinalia.
678 2964 1231 3050 RubigaliaNumaconstituitanno

235 3053 328 3137 regni
342 3053 391 3118 sui
400 3051 467 3118 XI.
480 3075 553 3138 quae
569 3075 654 3117 nunc
665 3062 816 3137 aguntur,
826 3054 866 3116 ad
878 3051 930 3117 VI
934 3052 961 3118 Ι.
973 3053 1030 3117 cal.
1044 3051 1138 3131 Mat,
1151 3075 1231 3137 quo·

235 3138 323 3204 niam
342 3150 420 3204 tunc
436 3141 502 3204 fere
528 3140 652 3223 segetes
678 3138 794 3223 rubigo
817 3149 961 3223 occupat.
1006 3138 1080 3203 Hoc
1102 3149 1231 3225 tempus

235 3224 341 3291 Varro
356 3226 558 3303 determinat,
576 3225 650 3289 Sole
662 3225 761 3290 Tauri
774 3236 900 3310 partem
914 3223 1069 3290 decimam
1078 3225 1229 3290 obtinen-

235 3322 280 3390 te,
294 3311 377 3376 sicut
388 3323 464 3376 tunc
474 3312 599 3376 ferebat
611 3312 711 3376 ratio:
734 3311 790 3376 sed
804 3335 878 3376 vera
889 3333 983 3376 causa
994 3311 1232 3398 est‚quodpost

235 3397 304 3463 dies
314 3395 417 3464 XIX.
433 3397 473 3462 ab
483 3398 692 3484 AEquinoetio
700 3421 808 3476 verno,
819 3420 876 3483 per
884 3397 917 3462 id
926 3397 1232 3484 quadriduumvaria

234 3485 381 3568 gentium
396 3484 615 3549 observatione
626 3485 661 3550 in
676 3495 792 3571 quarto
807 3484 865 3549 cal.
884 3483 967 3548 Maii
983 3482 1082 3549 Canis
1103 3471 1231 3566 occidit,

234 3571 322 3635 sidus
338 3581 371 3634 et
383 3593 441 3654 per
455 3594 489 3636 se
505 3570 687 3650 vehemens,
707 3581 741 3634 et
753 3570 805 3634 eui
816 3570 1027 3655 praeoccidere
1040 3570 1231 3636 Caniculam

234 3679 363 3722 necesse
379 3657 432 3722 sit.
478 3656 571 3721 Idem
589 3656 699 3743 itaque
719 3656 857 3722 Floralia
877 3667 993 3742 quarto
1010 3657 1068 3721 cal.
1086 3657 1231 3742 ejusdem

234 3743 458 3821 instituerunt,
474 3743 562 3807 urbis
577 3765 661 3807 anno
674 3741 810 3808 DXVI.
826 3766 869 3807 ex
884 3742 1020 3807 oraculis
1033 3743 1175 3827 Sibyllae,
1192 3755 1231 3808 ut

234 3831 341 3894 omnia
355 3832 438 3895 bene
454 3829 707 3895 deflorescerent.
753 3827 852 3894 Hunc
864 3829 948 3893 diem
957 3828 1064 3894 Varro
1079 3830 1230 3894 determi-

234 3926 302 3995 nat,
320 3916 394 3982 Sole
409 3915 507 3982 Tauri
515 3927 640 4000 partem
650 3916 952 4003 quartamdecimam
965 3915 1143 3980 obtinente.
1166 3915 1229 3979 Er-

233 4024 275 4087 go
290 4003 316 4066 si
330 4003 365 4067 in
379 4003 440 4068 hoc
454 4002 661 4089 quatriduum
676 4002 824 4067 inciderit
839 4001 1062 4087 plenilunium,
1076 4001 1184 4085 fruges
1196 4013 1231 4066 et

234 4089 341 4156 omnia
357 4112 431 4176 quae
446 4089 608 4156 florebunt
621 4089 696 4155 laedi
711 4112 838 4156 necesse
854 4089 924 4155 erit.
968 4087 1099 4162 Vinalia
1123 4088 1231 4172 priora
