2902 4838
527 567 562 601 un
574 566 753 602 rnnuounun
767 563 883 600 uuurnn.
1169 549 1211 598 xlv

207 693 403 757 manuscriptus:
423 694 500 756 Atque
516 692 564 741 hec
575 697 627 755 ipro
638 699 695 740 nota
705 699 739 740 eet
749 692 840 739 nullum
855 690 973 754 mnium
984 692 1101 754 fluerem.
1134 690 1214 754 Versu

208 759 344 823 penultimo
356 758 449 821 vulgati
466 774 509 821 pro
528 758 662 820 qntbucetu'
671 760 772 821 proprio
783 757 849 813 desit,
861 756 951 804 babent
961 759 1033 803 etiam
1043 752 1127 818 quibus
1136 761 1158 803 et
1170 772 1214 803 ruo

209 825 275 872 decit.
310 825 383 872 Nunc
395 839 476 871 meam
486 823 615 870 lectionem
628 837 776 885 proponam:
795 821 876 880 Hujus
893 836 952 883 pure
968 821 1035 868 undu
1053 822 1137 868 ioevnm
1154 826 1215 867 tenet

212 889 307 937 Orionis
319 888 398 950 [upra
406 888 506 951 pedem:
518 889 604 951 procui
617 886 729 935 ambobus
740 901 789 949 qua
797 885 901 946 piscibus
912 901 975 932 nnuc
993 885 1089 932 Vincula
1100 887 1215 934 connectit

209 955 291 1010 turdus,
312 957 408 1002 eristum
426 968 496 1015 snper
513 955 589 1014 iprum
609 951 736 1014 AEquoreae
754 950 845 998 Pistris
860 951 965 998 rudium.
998 949 1061 997 Sunt
1070 950 1148 998 libera
1158 949 1214 998 coeio

211 1018 307 1078 Sidera,
319 1034 366 1066 non
377 1019 452 1065 uttam
461 1020 536 1079 speeie
546 1016 666 1064 reddentia
678 1017 794 1075 sormam,
807 1014 856 1062 Sub
868 1017 954 1078 teporis
964 1009 1033 1072 intur,
1046 1029 1153 1062 aversum
1159 1020 1215 1078 post

211 1084 310 1146 deniquae
324 1086 432 1146 puppim,
451 1085 517 1130 tuter
531 1088 554 1130 et
571 1080 677 1129 Eriduni
688 1082 769 1142 ficum
788 1080 925 1141 clarumque
943 1082 1037 1128 canino.
1070 1083 1149 1141 Atque
1167 1079 1215 1128 brec

211 1152 264 1211 ipsa
284 1154 343 1195 notu
363 1155 405 1208 est,
429 1148 519 1195 nullum
536 1146 641 1210 prebere
656 1148 773 1210 fiquram.
806 1143 871 1193 Sunt
891 1146 977 1192 etenim
998 1150 1048 1192 toto
1068 1147 1146 1207 spor-rt
1165 1146 1215 1192 sine

211 1217 305 1261 nomine
321 1214 407 1260 mundo
425 1214 490 1261 Inter
508 1215 578 1274 eiqno
595 1214 669 1274 iones,
686 1210 772 1274 quibus
788 1216 811 1257 et
826 1213 847 1256 ri
861 1213 962 1272 propriu
979 1210 1039 1257 decit
1058 1211 1154 1266 Formo,
1171 1226 1216 1272 per

211 1279 314 1341 oppetiti
331 1282 459 1325 noscuntur
477 1279 569 1325 lumina
587 1280 656 1339 etqui.
689 1273 853 1323 videamulra
867 1290 897 1322 ex
916 1273 1051 1322 commistis
1071 1274 1216 1322 lectionibus

213 1343 347 1399 emendata,
357 1342 437 1390 multu
446 1358 461 1389 a
472 1341 549 1398 nobis,
558 1349 586 1390 ut
596 1357 639 1405 pro
651 1344 736 1389 omotr'c
746 1336 866 1397 ambobus,
878 1339 950 1402 ἄμφω
961 1339 1061 1388 Aratus.
1094 1339 1142 1386 Pro
1152 1354 1215 1395 nuuc.

212 1423 280 1456 nnuc.
314 1407 362 1454 Pro
379 1421 470 1469 equore
491 1406 586 1465 Purus,
607 1405 735 1466 AEqnoreae
756 1403 851 1452 Pistris.
885 1405 933 1452 Pro
949 1404 1075 1467 prebuere,
1094 1403 1216 1466 prebere,-

211 1488 255 1535 pro
276 1474 355 1530 etium,
377 1473 479 1530 etenim5
503 1486 546 1533 pro
563 1472 671 1534 oppositi,
693 1471 802 1532 appositi.
837 1469 887 1516 Ubi
908 1470 999 1518 Arutur
1022 1467 1216 1533 παρακείμενος.

213 1537 277 1588 Quae
297 1537 379 1584 omniu
398 1535 515 1598 probabit,
534 1536 576 1599 qui
590 1551 689 1583 sensum
707 1535 823 1582 attentius
835 1534 955 1596 inspiciet,
974 1541 999 1581 et
1008 1534 1061 1582 haec
1071 1549 1128 1581 cunr
1139 1536 1216 1582 Arato

212 1603 314 1663 ejusque
336 1601 506 1662 interpretibus
527 1599 991 1648 conseret.-Gu.-SCH.-—-laeoum
1013 1597 1080 1661 terit]
1103 1599 1131 1646 F.
1150 1607 1177 1646 ut
1193 1613 1215 1646 v.

213 1669 268 1714 232.
295 1665 377 1714 lenum
389 1666 451 1725 serit
468 1666 538 1727 APg.
563 1667 665 1713 medium
684 1669 746 1712 tenet
764 1663 793 1712 Ο.
815 1664 871 1712 EG.
889 1662 993 1711 medium
1012 1669 1076 1711 tenet
1091 1669 1128 1711 aut
1141 1663 1169 1712 Ο.
1186 1663 1216 1711 B.

213 1733 297 1779 levum
311 1735 374 1778 tenet
384 1732 413 1777 de
424 1745 449 1792 g.
461 1730 523 1792 conj.
534 1729 662 1780 sb.-OR.

246 1796 302 1844 369.
319 1794 448 1857 Ambobus]
467 1795 497 1842 de
513 1810 539 1856 g.
555 1795 618 1856 conj.
637 1795 660 1842 b.
694 1792 839 1841 Necessaria
859 1801 897 1840 est
917 1798 1015 1856 propter
1036 1793 1174 1855 oppositum
1191 1809 1214 1840 v.

212 1875 283 1908 nnur.
303 1863 389 1908 amotis
405 1860 583 1923 ABEGFPgr.
602 1857 689 1921 (ibid.)
707 1859 766 1920 qna]
783 1858 812 1905 de
824 1873 848 1920 g.
860 1859 924 1920 conj.
938 1858 972 1905 sb.
989 1861 1031 1920 qni
1048 1856 1215 1920 ABEGFPg.

213 1923 301 1987 (ibid.)
318 1939 379 1972 unm
390 1925 419 1973 de
430 1941 455 1987 g.
467 1925 528 1987 conj.
539 1926 563 1976 b.
582 1939 638 1973 mus
648 1923 814 1985 ABEGFPg.
832 1923 893 1970 udus
903 1921 1013 1970 s.-01³.

216 2055 237 2104 F
238 1988 302 2102 1370.
318 1988 457 2102 gignant]
480 1990 510 2037 de
521 2005 544 2052 g.
556 1991 619 2052 conj.
631 1991 667 2038 rb.
695 1987 803 2050 ccrp'ectit
821 1986 852 2036 A.
877 1988 977 2052 conjecit
996 1985 1076 2035 ΒΕΘ.
1102 1987 1216 2050 conjectat

175 2135 178 2138 ·
247 2070 304 2170 til.
320 2119 450 2182 AEqnoren
466 2117 557 2167 Pietrir
573 2116 684 2179 rudium]
704 2117 733 2165 de
743 2132 766 2180 g.
780 2117 843 2180 conj.
856 2117 891 2164 rb.
908 2117 1017 2181 AEqnore
1026 2120 1109 2180 pristis
1119 2117 1217 2165 rudium

214 2184 272 2232 EG.
289 2183 414 2248 AEqnoren
426 2186 516 2248 pistrix
532 2185 630 2233 radians
642 2183 671 2231 B.
690 2182 799 2245 AEquore
812 2184 896 2244 pristis
910 2182 978 2229 udiut
989 2181 1045 2244 (uic)
1056 2182 1087 2229 A.
1107 2181 1215 2245 AEquore

210 2250 296 2313 pistris
312 2248 379 2298 rudit
395 2250 422 2296 F.
439 2249 548 2313 AEquore
564 2251 649 2312 pistris
669 2249 720 2296 adit
737 2248 783 2310 Pg.
807 2247 892 2308 (ibid.)
915 2253 971 2296 erent
990 2245 1078 2309 libera]
1106 2247 1215 2296 BEGrb.

214 2322 268 2363 cunt
279 2313 351 2362 libero
364 2313 395 2361 A.
411 2320 466 2362 eunt
477 2315 514 2362 uti
525 2313 599 2362 libero
610 2313 768 2374 FPg.-0R.

215 2380 302 2492 ΒΕθῖξ.
320 2379 469 2491 igolrpnnliam
495 2379 565 2442 APg.
592 2381 655 2442 (nou
678 2375 744 2440 ΒΕ.)
785 2375 874 2438 (ibid)
902 2375 989 2440 speeie]
1018 2374 1138 2438 AFPgsb.
1161 2377 1216 2425 ceto

248 2508 305 2559 373.
317 2506 610 2621 diplimbn‘issmfflb'
627 2508 755 2570 teporieqne
775 2505 826 2555 FP.
850 2506 936 2568 (ibid.)
951 2504 1070 2567 aversum]
1089 2504 1216 2568 Bnngsb.

215 2589 306 2622 omum
385 2599 424 2620 .-

249 2637 304 2689 374.
321 2638 423 2700 Propter
433 2637 503 2685 Arati
514 2651 612 2684 versum
628 2633 737 2700 μεσσόθι
755 2632 871 2694 nudabis
889 2633 931 2683 eni
949 2632 1039 2694 κήτεος
1059 2632 1217 2682 εἱλίσσονται

216 2703 345 2751 Pistricem
355 2708 420 2750 recte
432 2701 536 2764 reposui.
569 2701 652 2749 Possis
671 2718 694 2751 v.
705 2701 753 2753 375
764 2701 837 2749 etiam
848 2701 881 2747 itu
892 2700 988 2762 legere:
1005 2700 1083 2762 Atque
1100 2699 1147 2747 baec
1164 2702 1217 2762 ipso

215 2773 273 2815 notu
283 2773 324 2824 est,
336 2767 428 2814 nnllam
438 2767 698 2828 iilnmsorrefipurum.
733 2767 772 2814 Ita
780 2766 841 2813 ratio
848 2765 930 2826 uliqua
940 2764 1100 2827 corruptionis
1111 2771 1218 2827 apparet.

218 2831 474 2894 SCH.—-Eriduni]
494 2831 523 2878 de
534 2847 558 2894 g.
569 2832 632 2893 conj.
644 2833 667 2879 b.
684 2831 821 2879 Eridanum
834 2830 997 2892 ABEGFPg.
1015 2829 1094 2891 (Inter
1106 2828 1219 2878 Pistricis

217 2897 328 3010 {5ng
344 2894 844 3024 cgigssguffiecpffipffiissrgkflexmqnc
864 2895 929 2957 FPg.
956 2895 1042 2956 (ibid.)
1067 2893 1216 2958 eurumque]

249 3027 307 3078 375.
324 3025 391 3073 Nota
409 3031 442 3072 cut
459 3024 563 3088 nullum]
583 3026 691 3074 BEGsb.
708 3031 765 3073 noto
780 3027 802 3072 ri
819 3026 912 3072 nullom
924 3023 977 3073 AF.
995 3029 1078 3072 notat:
1093 3027 1115 3072 ot
1126 3026 1218 3073 nntium

217 3091 263 3153 Pg.
288 3091 457 3153 (escriptuw
475 3090 574 3153 notant.)
599 3091 684 3152 (ibid.)
703 3088 819 3154 prebere]
847 3090 932 3138 AEsb.
953 3089 1073 3154 prebuere
1084 3089 1139 3138 BG.
1154 3106 1217 3153 prn-

211 3159 279 3218 serre
291 3157 318 3205 F.
327 3156 396 3215 serre
409 3155 544 3218 Pg.-0R.

251 3221 306 3272 376.
325 3219 431 3282 Etenim]
466 3221 496 3268 de
514 3235 538 3282 g.
555 3221 618 3282 conj.
637 3220 673 3268 rb.
707 3223 780 3268 etium
801 3219 967 3282 ABEGFPg.
996 3226 1055 3267 totos
1075 3218 1107 3267 A.
1134 3218 1219 3281 (ibid.)

217 3283 317 3348 munde]
336 3285 368 3332 A.
380 3285 479 3332 firmano
490 3300 513 3347 g.
531 3286 595 3347 conj.
607 3287 642 3334 ub.
659 3285 742 3333 mnndi
753 3285 984 3347 unum-on.

250 3350 297 3401 377
301 3386 307 3400 .
326 3349 465 3406 Quiburetri
475 3349 587 3413 moprio]
601 3350 726 3411 BEGgub.
736 3349 820 3412 quibus
830 3356 852 3397 et
863 3354 961 3413 propria
973 3364 1091 3412 ruperecr.
1103 3365 1117 3397 u
1128 3355 1218 3398 recent.

218 3429 294 3462 manu
304 3417 326 3463 ri
338 3414 369 3460 A.
387 3415 469 3478 quibem
481 3423 555 3464 etruu
567 3415 616 3464 FP.
635 3415 686 3478 (An
698 3414 747 3476 leg.
760 3415 815 3476 defit
825 3414 937 3475 t)-0n.

253 3479 310 3531 378.
327 3477 449 3541 Appositi]
468 3480 501 3528 A.
511 3481 611 3528 firmans
621 3496 644 3542 g.
657 3479 719 3540 conj.
731 3481 768 3527 sb.
784 3483 885 3542 oppositi
897 3478 1127 3541 BEGFPg.—0R.

252 3544 309 3596 379.
327 3543 374 3592 liet
385 3546 456 3612 etjam
467 3561 483 3592 n
493 3544 604 3608 penninis]
622 3545 718 3592 Iterum
736 3546 798 3592 terni
815 3561 845 3593 ex
862 3545 919 3593 MS.
952 3544 1031 3592 Versu
1050 3543 1156 3591 secundo
1176 3558 1220 3605 pro

211 3610 297 3670 ficone
313 3609 446 3670 legendum
460 3613 562 3674 snpitnt.
584 3611 670 3658 Guor.
705 3610 753 3657 Pro
772 3612 872 3658 diversio
887 3610 962 3672 legito
981 3610 1094 3657 dionunt.
1128 3608 1220 3656 Aratus

220 3673 274 3730 οἶος
283 3672 337 3724 ἀπὸ
350 3671 787 3739 mporipnv.-SCH.—0mittunt
797 3682 845 3722 tres
856 3691 893 3722 vv.
900 3678 930 3727 37
934 3675 1004 3723 9-381
1015 3674 1093 3726 AFP.
1122 3673 1221 3722 Habent

220 3739 301 3788 ΒΕΘ.
320 3740 406 3802 (ibid.)
422 3739 538 3802 diverunt]
557 3742 593 3789 eb.
609 3739 708 3788 divertio
718 3740 907 3802 BEGg.-0R.

253 3806 309 3854 380.
328 3803 438 3868 Fuqttut]
455 3806 485 3852 de
496 3819 521 3867 g.
532 3806 595 3868 conj.
607 3806 644 3853 ub.
652 3806 738 3866 supini
748 3804 933 3867 BEGg.—OR.

253 3871 309 3918 381.
326 3868 416 3931 imum]
436 3869 466 3917 id
478 3878 522 3929 eet,
542 3871 644 3918 crudam
655 3867 1141 3931 rimie-Gn-scA—AEqochert
1157 3870 1220 3930 prie-

220 3936 264 3982 tim
280 3937 309 3982 B.
328 3937 434 3998 (pristim
444 3935 518 3983 etium
527 3935 566 3999 g.)
583 3935 696 3996 aepocberi
701 3937 792 3997 pristin
805 3935 927 3983 E.-OR.

252 4000 308 4049 382.
326 4001 376 4050 Sed
388 4015 435 4064 qno
450 3999 560 4064 oedipiu]
579 3999 647 4050 Male
658 3999 715 4050 MS.
726 3995 1219 4064 que.-Gn.-SCH.—-Hydrochoos]
