2868 4848
263 540 284 575 X
622 537 765 576 Panemo
778 537 903 576 onatui.

301 666 438 718 Intemam
450 672 540 718 autem
550 665 667 720 indolem
678 667 845 736 singulorum
856 667 925 721 hanc
936 683 991 720 esse
1002 667 1130 738 perspexi.
1167 666 1265 721 Totum

263 735 383 790 lectionis
394 752 479 804 genus
490 737 537 790 ubi
555 745 663 807 spectes,
681 755 696 790 o
715 739 807 790 tirnam
818 739 887 792 inter
897 755 987 791 omnes
1004 739 1122 808 praebent
1141 737 1207 792 Get
1227 737 1265 791 E:

263 807 345 859 immo
357 812 421 859 sunt
430 806 491 872 loci,
508 808 555 860 ubi
567 809 692 862 recentior
749 807 874 862 devitavit
892 825 988 862 errores
1006 807 1056 861 Cd
1069 807 1120 874 G.;
1138 825 1200 864 cum
1212 825 1266 879 quo

263 877 273 928 i
292 893 321 930 so
332 877 361 931 in
380 877 501 946 pluribus
512 878 592 930 etiam
613 895 694 947 quam
706 878 730 931 E
741 878 826 934 facere
837 879 903 932 solet
914 879 957 946 133
975 879 1026 932 nisi
1064 878 1118 932 uod
1129 879 1227 933 alicubi
1238 880 1266 930 in

307 947 394 1000 mensi
410 947 576 1018 reperiuntur
586 949 642 1001 inte
672 949 798 1002 elationes
809 949 842 1002 ab
854 949 959 1002 homine
977 896 1118 1004 semidocti)
1136 947 1266 1034 profecta,

265 1018 363 1087 quibus
374 1017 449 1070 liberi
461 1025 524 1070 sunt
535 1018 570 1084 G,
582 1017 613 1071 Ε.
642 967 732 1072 rpnffio
743 1026 833 1072 autern
854 1019 1051 1074 Grammaticus
1062 1019 1158 1088 aliquis
1170 1019 1197 1071 in
1209 1037 1266 1089 per-

263 1087 376 1156 legendo
396 1088 462 1141 Cod.
475 1088 508 1140 B.
520 1097 581 1142 ante
592 1090 682 1142 oculos
693 1089 788 1142 habuit
806 1089 931 1144 codicem
951 1089 1059 1143 alterius
1069 1087 1175 1143 familia
1187 1090 1266 1159 cujus

265 1159 416 1212 varietatem
427 1175 513 1227 quum
523 1167 627 1212 enotare
636 1161 763 1230 coepisset,
774 1161 808 1212 ab
818 1177 850 1212 ea
861 1177 938 1230 opera
945 1159 1114 1229 exsequenda
1125 1161 1203 1212 nimis
1215 1161 1267 1213 cito

265 1227 403 1281 deterritus
414 1235 454 1281 est
461 1230 548 1281 nescio
560 1247 613 1299 quo
624 1227 736 1283 fastidio.
773 1229 823 1283 Cd.
836 1230 995 1284 Basileensis
1006 1230 1039 1282 ab
1051 1230 1171 1301 imperito
1183 1231 1267 1282 scriba

264 1305 389 1352 exaratus
406 1299 603 1353 incredibilibus
620 1308 701 1369 atque
720 1301 959 1355 innumerabilibus
976 1301 1047 1354 vitiis
1066 1302 1166 1354 obsitus
1185 1307 1266 1370 atque

263 1369 450 1422 omissionibus
465 1366 534 1422 foede
555 1369 718 1440 deturpatus,
737 1378 827 1424 tamen
839 1371 910 1424 solus
920 1371 1055 1425 interdum
1067 1378 1115 1424 aut
1126 1371 1210 1494 ipsam
1222 1388 1265 1423 ve-

265 1455 321 1491 ram
332 1439 471 1492 lectionem
482 1447 530 1492 aut
539 1439 679 1494 manifesta
689 1441 748 1510 ejus
759 1441 870 1511 vestigia
881 1441 999 1507 servavit,
1010 1442 1057 1494 ubi
1064 1442 1093 1493 in
1105 1442 1127 1495 C
1148 1440 1173 1493 d.
1186 1441 1220 1506 B,
1233 1440 1266 1508 E,

264 1509 291 1562 G
305 1509 358 1561 sive
403 1510 457 1562 tius
468 1510 610 1563 eorundem
621 1511 698 1564 arche
745 1511 814 1563 ovel
825 1528 888 1564 casu
900 1512 1036 1564 obliterata
1046 1511 1087 1564 vel
1100 1512 1220 1564 consulto
1231 1514 1265 1564 ab

264 1580 365 1649 interpo
377 1587 447 1633 atore
467 1579 611 1634 deformata
621 1589 667 1634 est.
699 1519 798 1651 tffiq'us
815 1582 898 1650 igitur
913 1599 961 1652 ope
972 1581 1044 1634 haud
1062 1598 1161 1652 paucos
1180 1584 1265 1652 poeta

263 1650 335 1703 locos
346 1666 418 1703 nunc
430 1649 538 1704 demum
547 1652 577 1704 in
588 1653 721 1722 integrum
732 1652 865 1704 restitutos
875 1652 983 1705 videbis.

299 1720 318 1773 J
319 1737 363 1772 am
375 1737 460 1790 quum
471 1721 592 1775 librarius
609 1722 743 1792 archetypi
762 1721 844 1788 illius,
855 1739 870 1774 e
881 1739 934 1792 quo
954 1722 1091 1776 fluxerunt
1102 1729 1129 1775 et
1148 1722 1265 1776 Freiber-

264 1792 360 1914 ξειιείε,
380 1807 548 1861 quaecunque
566 1793 673 1845 demum
685 1793 767 1862 hujus
783 1799 823 1844 est
842 1793 915 1862 origo
931 1810 962 1846 ao
984 1794 1070 1863 patria
1085 1793 1217 1862 primaria,
1239 1799 1266 1846 et

285 1861 417 1926 midensis,
435 1863 592 1916 exscriberet
610 1863 726 1916 codicem
746 1863 864 1931 aliquem
882 1879 1016 1929 mancum,
1035 1863 1081 1916 sed
1099 1862 1265 1916 simillimum

265 1931 433 1998 BasileensiS,
444 1932 515 1984 vitiis
525 1933 659 1986 interdurn
670 1933 770 1986 mederi
780 1939 899 2000 conatus,
919 1934 1075 2003 plemmque
1093 1941 1198 2003 turpem
1210 1950 1265 1986 sese

263 2001 338 2055 dedit
345 2019 389 2054 ma
408 2002 430 2054 ‘s
449 2019 483 2056 ue
492 2003 572 2056 etiarn
582 2005 791 2073 corrupitquam
800 2003 950 2057 emendavit
960 2004 1186 2074 scriptorisverba:
1199 2003 1265 2057 adeo

259 2080 292 2196 pt
303 2071 331 2154 hi
342 2072 385 2154 βά
405 2112 411 2123 .
423 2019 454 2138 lq,
467 2072 498 2140 P,
509 2073 629 2128 omnium
640 2090 693 2126 non
705 2074 791 2126 solum
802 2074 918 2127 maxime
932 2074 1030 2140 mutili,
1042 2074 1088 2127 sed
1099 2075 1179 2126 etiam
1189 2091 1262 2127 men-

279 2143 390 2195 osrssrmi
402 2143 462 2195 sini

295 2212 314 2265 J
316 2229 362 2266 ure
373 2213 456 2282 igitur
466 2231 524 2266 meo
536 2213 603 2267 duas
614 2220 701 2267 statuo
712 2212 781 2268 Cdd.
792 2211 915 2279 familias,
925 2215 1035 2268 alteram
1054 2213 1141 2280 BEG‚
1153 2214 1263 2267 alteram

260 2283 355 2350 AFP.;
373 2285 443 2353 prior
454 2285 482 2336 in
493 2285 583 2354 primis
595 2285 729 2353 sequenda
741 2291 781 2337 est
796 2284 903 2351 Critico,
916 2285 970 2351 sed,
981 2287 1028 2337 ubi
1039 2286 1067 2337 in
1079 2285 1156 2354 pejus
1168 2285 1263 2338 deflec-

260 2354 294 2407 tit
305 2371 336 2408 ac
355 2354 437 2407 veluti
453 2355 601 2424 degenerat,
622 2354 775 2425 corrigenda
786 2371 820 2407 ex
838 2355 869 2407 A.
882 2362 909 2409 et
927 2355 1099 2425 aliquandoe
1118 2355 1263 2420 Puteaneo,

260 2441 332 2478 nunc
344 2425 410 2478 Cod.
423 2424 509 2495 Regio
520 2425 557 2478 N.
576 2428 654 2478 7886.
665 2426 757 2479 itidem
777 2427 833 2479 See.
853 2425 906 2478 IX.
917 2465 924 2492 ,
936 2427 983 2494 qui
1004 2425 1150 2479 Basileensi
1161 2425 1263 2478 similli-

259 2512 320 2548 mus
340 2513 395 2548 esse
414 2495 499 2562 debet,
518 2496 599 2549 immo
610 2497 639 2548 in
656 2496 748 2549 multis
767 2497 847 2548 etiarn
866 2497 966 2562 melior,
986 2496 1027 2548 uti
1037 2495 1165 2565 conjicere
1174 2496 1263 2550 licete

259 2566 413 2636 Fragmenti
434 2566 571 2636 Prognost.
589 2565 629 2619 II.
650 2567 768 2619 versibus
791 2570 885 2618 1-60.
922 2565 992 2619 Mihi
1003 2567 1061 2636 ejus
1073 2582 1139 2619 usus
1149 2573 1263 2635 negatus

259 2642 322 2689 erat
361 2637 396 2689 In
414 2636 461 2688 FP
472 2654 617 2706 eorumque
628 2637 758 2689 similibus
770 2635 835 2688 nihil
847 2635 900 2689 fere
910 2644 950 2690 est
960 2636 1082 2720 presidii.

296 2705 432 2760 Editiones
448 2715 539 2760 autern
550 2713 611 2760 ante
632 2707 787 2760 Grotianam
799 2723 889 2759 omnes
900 2725 914 2760 e
931 2722 1054 2778 princepe
1073 2705 1188 2775 repetitae
1200 2713 1264 2759 sunt

258 2776 315 2829 sine
337 2777 393 2829 ullo
416 2777 598 2848 supplemento
617 2795 633 2831 e
652 2777 720 2831 cdd.
740 2777 844 2844 hausto,
867 2779 918 2830 nisi
938 2778 1010 2847 quod
1028 2793 1101 2830 unus
1118 2776 1264 2830 versiculus

260 2846 491 2916 Prognostioomm
514 2849 620 2916 Fragm.
643 2848 683 2900 ΙΙ.
708 2866 732 2900 v.
758 2851 815 2900 110.
839 2859 857 2900 a
878 2847 975 2901 Pisano
997 2849 1118 2912 omissus,
1138 2863 1156 2899 a
1174 2845 1263 2899 nescio

259 2933 314 2985 quo
334 2917 432 2970 editore
444 2918 501 2970 Sec.
513 2916 591 2971 XVI.
610 2936 625 2971 e
636 2917 725 2972 codice
737 2919 827 2987 aliquo
839 2917 1040 2988 Freibergensis,
1057 2919 1085 2970 in
1103 2933 1157 2987 quo
1168 2924 1264 2983 exstat,

257 2987 338 3040 simili
359 2995 399 3041 est
418 2989 538 3041 insertus.
575 2988 632 3042 Nec
656 2989 812 3058 quidquam,
832 2989 904 3058 quod
915 3005 999 3061 operte
1010 2989 1124 3058 pretium
1139 2988 1180 3054 sit,
1191 2988 1220 3039 in
1231 2988 1264 3039 iis

192 3068 201 3085 ·
256 3058 427 3112 emendatum
447 3065 494 3124 est,
512 3075 598 3130 pauca
617 3059 665 3112 illa
676 3060 698 3112 si
716 3061 856 3130 exceperis,
875 3076 934 3128 quae
956 3058 1085 3112 Morclius
1102 3075 1150 3111 nec
1162 3074 1264 3128 semper

258 3145 379 3198 prospero
388 3145 511 3183 successu
522 3130 634 3184 novavit
661 3130 827 3182 Immortalis
837 3146 897 3181 vero
906 3136 970 3182 sunt
979 3130 1073 3182 merita
1083 3128 1168 3182 Grotii
1178 3145 1263 3197 quum

257 3207 362 3269 propter
373 3200 556 3269 supplementa
568 3218 582 3253 e
593 3201 643 3253 Cd.
663 3200 697 3253 G.
709 3201 798 3264 ascita,
816 3207 875 3252 tum
887 3205 991 3269 propter
1002 3199 1197 3252 emendationes
1207 3199 1263 3268 ple-

258 3285 371 3337 rumque
383 3271 572 3339 sagacissimas,
585 3288 652 3340 quas
662 3287 765 3324 summo
776 3271 834 3340 ejus
846 3271 951 3339 ingenio
963 3270 1096 3322 debemus.
1133 3269 1206 3322 Nam
1217 3270 1264 3320 vix

257 3339 384 3406 adducor,
395 3347 427 3393 ut
437 3340 550 3407 credam,
563 3341 634 3410 quod
651 3341 777 3394 Barthius
788 3339 1006 3393 inconsideratius
1018 3357 1100 3408 quam
1118 3339 1264 3409 malignius

257 3409 357 3463 effutiit
376 3410 495 3463 Adversa.
506 3411 564 3464 Lib.
585 3411 703 3464 XLVII.
716 3427 738 3463 e.
760 3414 802 3464 18.
818 3428 843 3482 p.
855 3415 949 3463 2222:
969 3410 1125 3481 “Josephus
1146 3409 1264 3478 Scaliger

257 3480 314 3532 sine
335 3480 393 3532 ulla
411 3483 585 3534 controversia
604 3489 696 3535 auctor
713 3489 754 3534 est
763 3490 886 3534 notarum
898 3481 1111 3534 Grotianarum.”
1148 3479 1206 3532 Nec
1218 3480 1263 3532 de·

257 3549 423 3604 fraudandus
430 3550 507 3619 justa
516 3552 596 3605 laude
609 3552 795 3618 Schwartaius‚
808 3552 854 3621 qui
865 3552 914 3604 etsi
925 3551 1055 3604 nonnulla
1067 3549 1195 3603 audacius
1205 3557 1264 3602 ten-

257 3622 331 3687 tavit,
342 3621 413 3674 locos
424 3629 514 3676 tamen
534 3623 637 3693 aliquot
648 3623 758 3692 pessime
770 3622 878 3675 allectos
898 3623 1007 3675 sanavit
1044 3621 1086 3674 De
1098 3620 1197 3674 Buhlio
1209 3637 1263 3672 non

257 3696 297 3744 est
317 3692 389 3760 quod
399 3692 549 3761 loquamur.
585 3693 661 3746 Nihil
673 3693 747 3746 aliud
762 3693 833 3746 enim
844 3694 973 3762 praestitit,
994 3709 1075 3762 quam
1087 3699 1119 3744 ut
1128 3690 1263 3744 interdum

256 3762 320 3884 saplip
332 3778 449 3831 perverse
470 3761 556 3816 Grotii
573 3764 755 3817 annotationes
776 3770 824 3817 aut
841 3769 967 3833 repeteret
977 3770 1026 3816 aut
1036 3763 1064 3814 in
1076 3761 1262 3832 compendium

257 3847 284 3884 re
305 3833 310 3844 '
332 3841 386 3886 eret
405 3836 440 3885 *.

291 3832 449 3974 Τξὶιιιιιὲἐο
461 3912 585 3974 preterea
604 3904 728 3958 subsidiis
739 3905 821 3970 carui,
840 3903 999 3957 editionibus
1020 3903 1053 3956 C.
1072 3903 1103 3956 F.
1125 3900 1263 3968 Schmidii,

281 4022 422 4062 *Notandum
430 4027 461 4063 eet
467 4035 487 4074 g.
496 4024 610 4076 significare
625 4023 693 4063 Grotii
706 4026 826 4072 contextum,
834 4025 854 4062 b.
869 4022 941 4064 Buhlii
951 4025 1079 4069 contextam
1090 4031 1180 4070 persaepe
1187 4019 1265 4060 scilicet

249 4071 355 4122 juniorum
365 4074 388 4112 iu
397 4075 501 4114 Annctatt.
527 4075 599 4114 Buhlil
610 4075 714 4123 prolatum
723 4073 789 4112 diflert
797 4075 822 4112 ab
830 4073 895 4122 ipsius
904 4075 1011 4112 contextu:
1026 4084 1042 4110 s.
1051 4076 1082 4110 cst
1091 4070 1236 4112 schwartzius.
