2868 4848
655 577 810 622 scuomn.
1186 557 1226 622 41

279 715 386 793 Aries,
403 726 439 780 ut
456 713 619 780 Hesiodus
635 727 668 780 et
684 715 882 800 Pherecydes
898 716 1020 793 dicunt,
1036 717 1123 780 inter
1146 727 1231 781 astra

235 801 406 865 collocatus
421 813 469 865 est
488 811 620 885 propter
643 801 803 866 Phrixum
820 812 853 866 et
871 801 1000 877 Hellen,
1024 800 1232 867 Athamantis

235 898 269 950 et
284 885 423 950 Nebulae
438 888 530 951 filios.
578 887 731 954 Quicum
748 909 913 951 novercam
934 887 1076 951 occidere
1099 886 1229 964 vellent,

235 972 338 1036 insani
354 995 373 1036 a
388 972 507 1036 Libero
523 973 674 1036 dicuntur
695 973 817 1050 effecti3
843 973 898 1056 qui
914 973 989 1040 (bun
1004 973 1038 1036 in
1054 973 1131 1036 silva
1146 995 1230 1038 erra-

235 1069 318 1133 rent,
338 1069 441 1122 mater
455 1059 501 1122 eis
517 1058 662 1122 Arietem
687 1070 799 1122 aurata
823 1057 906 1142 pelle
926 1058 1028 1122 fertur
1048 1058 1230 1134 adduxisse,

237 1143 380 1227 quicum
396 1144 543 1227 navigare
567 1144 696 1221 vellent,
712 1145 747 1207 iu
771 1167 857 1207 mare
882 1144 1016 1229 projecti
1038 1153 1124 1220 sunt,
1168 1144 1231 1207 uod

234 1229 368 1312 pelagus
383 1229 423 1293 ab
439 1229 551 1293 Helles
563 1230 691 1293 nomine
705 1228 934 1312 Hellespontus
949 1240 1088 1292 vocatur.
1134 1166 1231 1294 Helle

235 1324 343 1377 autem
359 1321 407 1394 (ut
421 1315 523 1398 aiunt)
545 1338 564 1378 a
579 1315 735 1399 Neptuno
750 1313 867 1378 salvata
887 1323 945 1391 est,
968 1328 1001 1378 et
1015 1337 1059 1377 ex
1079 1337 1117 1378 ea
1136 1336 1233 1398 puer-

234 1421 288 1462 um
307 1399 457 1463 Paeonem
472 1402 595 1483 genuit.
628 1399 770 1464 Phrixus
782 1411 888 1470 autem
899 1399 1040 1464 insidens
1052 1411 1232 1484 praeparato

234 1485 338 1562 arieti,
365 1485 498 1549 Colchos
513 1487 668 1550 adductus
695 1497 744 1550 est
767 1486 808 1549 ad
831 1483 962 1550 AEetam
978 1507 1098 1568 regern,
1120 1485 1231 1571 ibique

233 1569 381 1634 Arietem
395 1570 496 1634 Marti
517 1571 701 1647 immolavit,
727 1572 820 1655 eique
846 1593 937 1634 suam
961 1593 1091 1635 auream
1114 1570 1231 1655 pellem

235 1656 400 1732 concessit,
415 1667 588 1740 antequam
599 1658 684 1720 inter
695 1668 779 1721 astra
794 1657 1007 1741 processisset,
1019 1678 1115 1740 quam
1126 1656 1232 1720 Draco

234 1742 415 1806 custodivit.
463 1743 620 1806 Genitnrn
637 1754 745 1807 autem
769 1742 855 1805 bunc
879 1741 1025 1804 Arietem
1050 1742 1162 1805 dicunt
1188 1765 1231 1806 ex

235 1825 392 1912 Neptuno
409 1839 441 1890 et
457 1827 662 1911 Theophane,
677 1827 796 1892 Altidis
808 1827 883 1903 filia,
897 1849 992 1911 quam
1005 1849 1077 1891 cum
1089 1827 1230 1892 adambs-

233 1924 294 1992 set,
309 1913 343 1976 in
358 1912 495 1977 insulam
512 1913 706 1977 Crinnissam
718 1913 874 1989 traduxit,
890 1915 988 1996 inque
1001 1935 1090 1976 ovem
1103 1935 1231 1977 conver-

235 1998 285 2074 tit,
296 2021 369 2062 cum
379 2020 443 2083 qua
453 1999 488 2060 in
503 1998 644 2062 Arietem
654 2011 797 2062 mutatus
808 1999 991 2075 concubuit,
1003 2021 1045 2062 ex
1058 2021 1122 2082 qua
1134 1997 1230 2063 Aries

232 2083 447 2166 chrysovellus
457 2095 562 2148 natus·
608 2085 760 2167 Nigidius
771 2084 857 2147 bunc
870 2084 1014 2149 Arietem
1027 2085 1103 2148 dicit
1114 2085 1228 2148 ducem

234 2181 267 2232 et
281 2170 459 2254 principem
479 2193 547 2234 esse
567 2171 730 2253 signorum
746 2170 867 2233 zodiaci
882 2169 1002 2234 circuli.
1049 2169 1227 2234 Immortali

233 2266 342 2318 autem
357 2255 477 2319 honore
492 2256 656 2333 donatum,
679 2257 764 2342 quod
779 2277 852 2318 cum
867 2255 966 2319 Liber
989 2256 1167 2319 exereitum
1193 2255 1227 2318 in

234 2340 410 2424 Aphricam
433 2342 573 2418 duceret,
591 2352 624 2404 et
639 2365 731 2425 aquae
756 2341 898 2425 inopiam
921 2351 1095 2425 pateretur,
1120 2341 1227 2404 subito

235 2426 331 2489 Aries
347 2449 390 2490 ex
405 2449 501 2490 arena
515 2427 626 2503 exivit,
643 2440 676 2491 et
691 2425 847 2491 Liberum
862 2449 933 2490 cum
951 2448 1009 2488 suo
1023 2425 1168 2488 exercitu
1188 2427 1228 2488 ad

233 2533 349 2596 aquam
364 2513 517 2595 perduxit
532 2512 692 2576 diuinitus.
739 2512 811 2575 Hoc
825 2511 909 2575 facto
924 2511 1023 2575 Liber
1038 2533 1112 2574 eum
1132 2511 1228 2574 Arie-

234 2608 300 2660 tem
316 2596 426 2660 Jovem
441 2597 634 2662 Ammonem
650 2597 830 2682 appellavit,
847 2597 941 2681 eique
955 2597 1066 2660 sanum
1081 2597 1227 2680 magnifi-

234 2704 309 2745 cum
332 2683 419 2760 fecit,
436 2707 473 2746 eo
488 2684 523 2746 in
538 2683 617 2761 loco,
633 2685 668 2747 in
683 2706 748 2769 quo
763 2693 889 2766 reperta
912 2693 961 2746 est
980 2703 1073 2766 aqua,
1090 2693 1123 2746 et
1138 2683 1228 2746 abest

233 2769 273 2831 ab
290 2768 490 2832 Alexandria
503 2769 619 2834 itinere
634 2769 759 2833 dierum
776 2790 899 2845 novem,
916 2769 1003 2831 locus
1024 2790 1174 2831 arenosus
1194 2781 1228 2831 et

234 2865 421 2938 serpentum
437 2854 644 2918 multitudine
659 2856 783 2938 plenus,
799 2865 832 2917 et
845 2853 885 2916 ab
901 2876 997 2917 arena
1017 2851 1158 2916 Ammon
1179 2865 1229 2916 est

233 2939 426 3003 nominatus.
472 2938 633 3004 Praeterea
648 2938 742 3003 Aries
754 2940 823 3002 dux
835 2961 939 3022 aquae,
954 2939 1141 3002 immortalis
1156 2961 1227 3002 mu-

234 3034 332 3101 tatus,
347 3035 379 3088 et
394 3025 464 3089 caeli
479 3025 583 3088 sidera
593 3037 790 3089 consecutus.
836 3025 1002 3088 Convertit
1012 3036 1120 3088 autem
1132 3035 1229 3107 caput

233 3111 273 3173 ad
284 3107 438 3187 Taurum,
452 3111 520 3194 ipse
541 3122 649 3174 autem
670 3111 851 3196 assequitur
871 3110 942 3174 aliis
963 3110 1070 3192 signis.
1116 3108 1229 3174 Habet

233 3206 342 3258 autem
357 3195 473 3272 stellas,
490 3196 525 3258 in
541 3197 644 3281 capite
660 3218 766 3272 unam,
789 3196 824 3258 in
840 3196 989 3259 auriculis
1006 3207 1080 3272 treS,
1096 3195 1131 3259 ln
1146 3195 1227 3259 collo

233 3280 322 3357 duas,
334 3281 367 3342 in
380 3282 563 3346 summitate
572 3283 690 3366 pedum
700 3283 895 3345 anteriorum
908 3281 1105 3364 singulorum
1117 3281 1227 3364 singu·

232 3365 290 3443 las,
306 3366 341 3428 in
357 3366 449 3430 dorso
465 3378 614 3451 quatuor,
629 3367 664 3430 iu
679 3367 779 3431 cauda
790 3389 898 3442 unam,
914 3367 949 3428 in
963 3376 1073 3431 ventre
1095 3377 1170 3443 tres,
1192 3367 1228 3429 in

232 3451 416 3516 summitate
446 3453 644 3533 singulorum
672 3452 792 3537 pedum
826 3451 1037 3536 posteriorum
1074 3452 1226 3535 singulas.

234 3536 320 3600 Sunt
334 3559 443 3602 omnes
460 3537 602 3602 XVIII.

276 3622 382 3706 Super
393 3633 490 3707 caput
501 3622 623 3688 Arietis
636 3646 700 3687 uon
710 3623 804 3706 longe
816 3623 856 3687 ab
867 3622 1083 3686 Andromedae
1091 3623 1228 3707 pedibus

232 3708 356 3793 adjacet
370 3709 495 3792 signum
513 3711 599 3794 quod
615 3709 723 3774 Graeci
739 3711 785 3772 ob'
795 3709 1035 3773 similitudinem
1058 3708 1166 3772 Deltae
1189 3709 1227 3772 li-

233 3804 311 3858 terae
338 3792 495 3858 Deltoton
518 3807 642 3872 vocant,
668 3795 778 3859 Latini
803 3807 910 3859 autem
931 3796 972 3858 ob
998 3795 1227 3878 proprietatem

231 3877 343 3944 formae
363 3879 573 3964 Triangulum
596 3882 717 3945 dicunt.
763 3880 861 3947 Quod
884 3881 1048 3967 quidama
1067 3880 1145 3943 Jove
1169 3901 1228 3963 per

233 3963 434 4029 Mercurium
448 3967 533 4030 inter
549 3979 633 4032 astra
647 3968 786 4052 positum
802 3968 924 4045 dicunt,
935 3989 1031 4050 super
1042 3976 1139 4049 caput
1150 3965 1226 4027 Ari·

232 4051 302 4129 etis,
319 4073 378 4135 pro
392 4073 431 4117 eo
446 4052 533 4138 quod
547 4053 718 4120 obscurum
728 4077 797 4118 esse
813 4053 939 4118 dicitur.
986 4052 1128 4174 Quidpm
1152 4073 1227 4115 vero
