2868 4848
194 523 239 588 44
608 543 764 592 scrromr.

193 694 328 763 meatus,
342 683 426 748 inter
441 693 555 747 caetera
570 683 680 747 relicta
695 683 791 746 etiam
807 681 935 748 testudo
951 691 1010 762 est,
1023 703 1098 767 quae
1112 703 1186 748 cum

192 769 373 854 putrefacta
386 769 500 834 suisset
515 781 548 833 et
562 769 651 832 nervi
665 771 734 854 ejus
749 770 875 833 extensi
896 769 982 833 intra
995 769 1117 833 corium
1137 791 1187 832 re-

193 855 393 934 mansissent,
405 877 582 940 percussas
594 854 757 918 Mercurio
768 855 908 918 sonitum
920 855 1008 918 dedit
1020 880 1028 931 ;
1051 855 1085 917 in
1095 856 1186 940 cujus

193 940 434 1004 similitudinem
445 940 625 1004 Mercurius
636 939 755 1024 Lyram
765 939 851 1019 fecit,
863 962 958 1024 quam
969 952 1081 1024 postea
1088 939 1187 1024 Apol·

193 1025 251 1089 lini
267 1027 384 1104 datam,
398 1026 451 1090 alii
468 1025 598 1110 Orpheo
613 1025 736 1105 dieunt,
751 1048 789 1088 eo
804 1025 890 1110 quod
904 1025 1000 1089 unius
1015 1048 1059 1088 ex
1078 1026 1189 1106 musis,

194 1111 227 1176 id
243 1123 292 1176 est
309 1111 472 1196 Calliopae,
489 1112 531 1176 sit
545 1111 640 1176 filius.
685 1110 776 1174 Fecit
795 1125 903 1175 autem
922 1110 1053 1175 chordas
1074 1133 1188 1174 novem

190 1198 469 1282 juxtanumerum
484 1219 656 1262 musarum.
702 1196 816 1260 Tantae
831 1219 969 1282 namque
984 1196 1102 1261 dicitur
1117 1197 1189 1260 dul-

195 1282 314 1347 cedinis
329 1284 363 1346 in
375 1283 568 1347 modulando
582 1281 689 1362 fuisse,
701 1297 738 1346 ut
750 1283 889 1362 arbores,
900 1304 988 1361 saxa,
999 1282 1129 1362 bestias,
1140 1293 1189 1346 at—

197 1369 592 1452 queinferoscommoverit
600 1369 641 1432 ob
650 1369 977 1452 conjugisEurydices
985 1369 1189 1448 desiderium,

197 1454 238 1517 ad
251 1453 370 1518 inferos
382 1454 586 1518 descendens.
633 1454 787 1521 Quicum
811 1455 997 1538 Apollinem
1011 1455 1189 1518 maximum

198 1540 329 1603 deorum
344 1539 526 1619 honoraret,
542 1538 696 1604 Liberum
711 1552 819 1604 autem
830 1551 966 1624 patrem,
978 1563 997 1604 a
1008 1562 1073 1625 quo
1083 1539 1191 1605 fuerat

197 1625 404 1707 glorificatus,
417 1625 548 1688 minime
562 1626 763 1708 glorificaret,
778 1625 891 1689 sedens
901 1626 934 1690 in
948 1625 1087 1709 Pangaeo
1098 1648 1190 1690 mon·

199 1726 242 1790 te,
257 1724 290 1774 et
305 1723 478 1795 expectans
489 1711 562 1774 solis
576 1723 693 1790 ortum,
704 1711 803 1775 Liber
814 1710 999 1794 indignatus
1011 1712 1097 1776 misit
1108 1711 1191 1776 Bac·

198 1796 283 1876 chas,
298 1808 335 1860 ut
350 1796 523 1880 AEschylus
535 1797 655 1876 scribit,
669 1819 743 1882 quae
760 1819 834 1860 eum
854 1798 1056 1861 membratim
1076 1797 1192 1861 discer-

222 1893 324 1961 ereut,
352 1882 555 1966 collectisque
578 1883 727 1946 membris
750 1883 819 1967 ejus
842 1883 1037 1967 sepelierunt
1059 1905 1134 1946 eum
1156 1884 1191 1946 in

198 1905 324 2031 lsesbiis
334 1967 515 2044 mantibus3
533 1969 602 2052 ejus
613 1968 733 2052 Lyram
747 1967 873 2032 Musaeo
885 1970 1053 2046 dederunt,
1064 1965 1086 2031 J
1086 1991 1192 2032 ovem-

199 2074 262 2136 que
274 2065 476 2136 rogaverunt,
491 2066 528 2117 ut
543 2057 611 2137 ejus
627 2054 810 2118 memoriam
825 2054 918 2117 astris
932 2053 1075 2118 inferret.
1121 2053 1192 2118 Ha·

198 2138 256 2200 bct
277 2149 385 2202 autem
408 2138 525 2218 stellas,
545 2139 580 2202 in
602 2140 747 2224 utrisque
769 2139 949 2222 pectinibus
977 2140 1128 2223 singulas,
1156 2141 1193 2204 in

199 2224 363 2286 cacumine
378 2223 566 2288 chordarum
582 2224 733 2308 singulas,
747 2225 780 2288 in
796 2225 941 2308 utrisque
963 2225 1105 2289 humeris
1126 2226 1192 2289 sin-

199 2308 301 2390 gulas,
331 2310 366 2371 in
394 2309 494 2372 fundo
516 2332 625 2382 unam,
646 2310 682 2373 in
702 2310 832 2374 modulo
854 2332 961 2386 unam,
983 2310 1016 2373 in
1039 2321 1192 2395 tympano

200 2394 316 2458 claram
332 2406 428 2480 atque
444 2395 609 2460 candidam
625 2417 732 2459 unam.
779 2395 865 2459 Sunt
879 2417 988 2460 omnes
1003 2418 1126 2459 novem.

244 2477 392 2563 Cycnum
418 2480 529 2545 dicunt
556 2482 642 2545 inter
671 2492 755 2544 astra
783 2481 1005 2558 constitutum,
1037 2505 1076 2545 eo
1105 2483 1194 2566 quod

199 2565 328 2648 Jupiter
344 2565 378 2629 in
402 2565 546 2650 Cycnum
563 2567 807 2649 transfiguratus
823 2567 992 2630 evolaverit
1013 2567 1048 2630 in
1067 2590 1192 2631 ramum

200 2651 321 2715 Atticae
336 2652 485 2730 regionis,
507 2652 617 2736 ibique
633 2653 855 2735 compresserit
879 2652 1045 2730 Nemesin,
1072 2675 1145 2738 quae
1158 2665 1192 2717 et

200 2737 289 2801 Leda
298 2736 424 2816 dicitur,
433 2740 481 2817 (ut
492 2737 711 2820 refertssCrates
722 2738 950 2820 tragoediarum
959 2739 1102 2823 scriptor)
1118 2761 1191 2824 quae

199 2823 297 2885 enixa
312 2834 361 2886 est
383 2845 488 2899 ovum,
513 2823 597 2886 unde
620 2835 697 2887 nata
718 2836 767 2886 est
791 2823 936 2887 Helena:
960 2823 1016 2887 sed
1039 2825 1192 2909 quoniam

199 2908 328 2991 Jupiter
342 2929 453 2972 rursus
476 2909 511 2972 in
530 2909 642 2972 caelum
665 2909 700 2972 in
723 2906 870 2992 Cycnum
893 2909 1136 2992 transfiguratus
1159 2934 1192 2974 se

199 2994 332 3077 recepit,
352 3005 390 3057 ut
404 2994 467 3057 fuit
480 2995 594 3078 pennis
610 2995 719 3070 tensis,
741 2994 943 3058 simulacrum
956 2995 1025 3079 ejus
1037 2995 1192 3060 sideribus

198 3079 339 3162 reliquit.
387 3077 498 3144 Habet
512 3092 621 3143 autem
636 3080 754 3157 stellas,
774 3080 809 3142 in
829 3080 933 3164 capite
948 3081 1063 3144 claram
1084 3103 1193 3160 unam,

198 3165 233 3227 in
244 3164 359 3228 dextra
367 3163 418 3228 ala
431 3166 586 3249 quinque,
597 3159 694 3229 unam
705 3165 821 3228 claram
835 3187 908 3248 quae
919 3176 968 3229 est
979 3187 1054 3248 erga
1065 3166 1193 3246 collum,

198 3251 233 3313 in
243 3250 372 3314 sinistra
383 3249 433 3314 ala
446 3251 599 3336 quinque,
619 3251 653 3314 in
663 3262 791 3335 pectore
804 3273 913 3331 unam,
932 3251 965 3315 in
975 3252 1074 3315 cauda
1084 3274 1192 3330 unam,

200 3359 274 3419 quae
290 3336 551 3420 estamplissima.
598 3336 684 3399 Sunt
699 3359 808 3400 omnes
823 3335 924 3401 XIV.

243 3420 343 3484 Porro
360 3420 522 3506 Aquarius
544 3443 662 3486 nomen
684 3421 840 3505 accepisse
863 3422 991 3503 dicitur,
1013 3423 1100 3507 quod
1123 3424 1192 3508 ejus

199 3519 317 3571 exortu
328 3507 445 3570 imbres
482 3507 590 3571 lurimi
604 3509 693 3573 liant.
739 3503 881 3588 Quidam
892 3509 1014 3586 volunt,
1029 3507 1193 3592 Ganyme·

199 3593 261 3656 den
276 3614 351 3656 eum
362 3615 441 3672 esse,
455 3530 553 3656 Jllroili
565 3605 598 3656 et
612 3592 803 3658 Callirrhoes
813 3593 926 3671 filium,
938 3594 994 3678 qui
1004 3616 1076 3657 cum
1086 3594 1121 3657 in
1134 3592 1194 3658 Ida

199 3689 309 3741 monte
324 3689 505 3759 venaretur,
520 3679 561 3742 ob
577 3679 707 3742 nimiam
719 3679 993 3763 pulchritudinem
1002 3703 1020 3742 a
1030 3679 1107 3743 Jove
1120 3680 1193 3744 ada-

198 3775 315 3843 matus,
330 3773 363 3825 et
378 3786 435 3847 per
450 3764 589 3848 aquilam
605 3776 727 3850 raptus,
747 3764 833 3828 inter
848 3777 933 3829 astra
948 3775 997 3828 est
1011 3765 1192 3829 collocatus.

198 3846 326 3912 Dehinc
343 3848 506 3933 Aquarius
522 3849 626 3913 dictus
641 3861 700 3930 est,
714 3850 800 3934 quod
811 3851 914 3914 undas
925 3851 1085 3917 funderet.
1132 3851 1193 3914 Ni-

199 3934 303 4016 gidius
321 3933 539 4019 Hydrochoon
554 3935 617 3998 sive
634 3935 813 4019 Aquarium
829 3936 994 4000 existimat
1014 3958 1082 4000 esse
1103 3934 1194 3999 Deu-

188 4019 353 4084 calionem
368 4020 567 4101 Thessalum,
580 4021 636 4104 qui
652 4021 792 4085 maximo
809 4020 998 4106 cataclysmo
1010 4022 1051 4087 sit
1065 4021 1194 4086 relictus
