2902 4838
262 533 317 584 καί
719 543 798 580 sora

259 671 389 732 Martialis,
400 669 455 722 Lib.
467 671 520 722 111.
530 671 580 736 Ep.
590 671 636 720 tt:
655 671 766 720 &atrato
782 675 856 734 rtpsu
874 673 956 722 uincto
971 679 1065 736 sepmts
1082 676 1149 738 pals.
1183 675 1256 727 Clau.

258 739 353 797 diram,
364 739 451 802 Epigr.
464 737 525 786 vlt.
536 739 565 787 8:
582 737 625 786 Vel
641 743 747 786 concreta
762 737 817 799 suit
833 737 870 786 uel
889 737 994 787 resoluto
1011 740 1073 800 palu.
1107 739 1165 789 ΕΗ
1181 743 1210 791 de
1222 744 1256 792 R..

260 804 329 854 Prot.
339 818 363 850 r.
373 803 418 854 712
438 803 499 852 Cura
513 805 594 866 praeis
611 807 720 851 amiur
743 802 836 859 Bonas,
854 803 976 867 plurisque
993 804 1070 853 niuali
1089 805 1216 868 Hispidua
1234 814 1258 857 st

262 869 346 982 (13ng
356 875 474 918 muratos
482 867 610 982 prppppppp1
605 883 698 930 prusam
711 865 784 918 Flore
795 869 868 931 cupit.
900 867 963 916 Vide
975 878 1045 918 notas
1056 870 1140 919 Patrai
1148 872 1178 920 ad
1189 872 1257 936 Virg.

295 971 302 984 .
340 949 369 982 eo
400 935 503 983 ‚sla-
612 965 619 980 .

293 1001 316 1048 8.
333 949 457 1064 narsisque]
475 997 557 1048 Nimia
567 998 679 1047 crebrum
689 997 731 1045 hia
740 995 884 1046 vocabulum
902 996 965 1056 dum,
984 998 1059 1046 strix
1070 1015 1137 1048 more
1149 1002 1256 1051 melioris

262 1063 309 1114 nvi
319 1061 721 1127 positum.-scH.-Dsmqse
732 1065 786 1110 s'moe
793 1069 873 1126 portes
883 1064 967 1126 rapido
980 1063 1164 1113 trobsrmturub
1175 1067 1256 1131 omne]

263 1129 370 1193 Curaque
390 1130 442 1178 ima
461 1132 541 1192 portes
555 1127 637 1190 suado
657 1133 798 1190 raperentur
814 1127 844 1176 ab
864 1130 912 1175 imo
932 1129 997 1192 apud
1016 1128 1140 1178 Binetum.
1175 1132 1257 1181 Stimoe

260 1192 540 1308 lllldffrlpulgllrll
546 1191 1031 1255 sonsa-BURMe-rratmnssr]
1044 1194 1191 1244 traheremur
1201 1198 1257 1248 MS.

294 1325 319 1372 4.
336 1322 440 1372 Latrim
451 1321 523 1386 testo]
540 1323 556 1372 i.
568 1339 589 1372 a.
602 1331 683 1372 orosto
699 1321 808 1385 glaoialis
824 1321 888 1370 illisa
904 1321 1080 1371 vehementius.
1114 1324 1176 1373 vide
1188 1333 1257 1374 notas

263 1385 649 1438 natm-scla-Ausuu
659 1388 705 1436 beu
716 1393 821 1436 tenerum
839 1386 931 1435 lubrico
941 1393 1000 1436 testo
1011 1388 1094 1452 caput]
1113 1389 1175 1438 Haeo
1186 1391 1257 1440 lectio

263 1461 301 1504 eat
322 1455 348 1502 io
370 1453 409 1503 ed.
430 1453 495 1502 Pitb.
517 1453 629 1516 Fabricii,
651 1453 805 1502 stallorum.
838 1451 960 1501 discindit
981 1459 1084 1501 uberum
1106 1455 1256 1506 Abstemius.

262 1517 371 1568 Abscidit
382 1535 398 1566 a
408 1519 495 1582 jupulo
512 1517 577 1582 apud
595 1518 720 1568 Binetam.
754 1516 856 1565 Absoido
874 1517 941 1566 anim
959 1533 1002 1582 pro
1021 1517 1131 1568 mamus
1149 1535 1213 1584 saepe
1231 1522 1258 1570 in

262 1584 384 1633 veteribus
400 1583 476 1642 libris,
494 1589 519 1632 et
536 1583 594 1632 hino
611 1582 712 1633 utatur
728 1581 810 1630 media
827 1582 893 1630 breti
912 1597 977 1646 sape
994 1584 1059 1645 apud
1076 1587 1167 1646 poitas.
1200 1585 1258 1637 Vid.

263 1647 390 1698 Rhodiam
404 1649 435 1697 sd
455 1648 563 1698 Scribon.
583 1648 656 1712 Larg.
695 1682 701 1698 .
715 1648 769 1706 164,
782 1647 835 1704 105,
856 1654 880 1695 et
893 1646 998 1710 Bentlej.
1011 1648 1041 1695 ad
1052 1649 1137 1698 Horat
1151 1650 1207 1699 Lib.
1219 1651 1258 1702 II.

262 1713 313 1762 Sat
324 1715 348 1774 8,
364 1728 387 1762 r.
399 1714 454 1762 800.
487 1713 527 1762 Sio
537 1713 639 1762 Mauso
646 1663 702 1777 palu
711 1711 815 1760 membra
825 1711 890 1774 apud
902 1711 990 1760 Silium
1001 1712 1056 1762 Ital.
1068 1713 1123 1762 Lib.
1135 1714 1189 1765 III.
1201 1718 1257 1775 552,

261 1778 289 1828 io
301 1777 484 1843 Epigrammata
494 1777 625 1836 Valeriani,
636 1777 675 1827 vel
686 1777 815 1834 Martialis,
830 1775 860 1824 de
872 1777 989 1826 Cicerone
998 1779 1062 1840 apud
1072 1779 1137 1827 Pith.
1149 1779 1205 1828 Lib.
1218 1781 1257 1832 Il.

280 1845 345 1893 uo:
364 1843 470 1892 Abscidit
491 1844 570 1893 vulsus
591 1844 651 1892 essu
672 1848 770 1906 uterque
791 1857 876 1890 merua.
910 1842 961 1890 Ubi
971 1849 996 1890 et
1010 1842 1038 1890 in
1054 1843 1109 1891 aliis
1125 1843 1256 1894 discindit.

262 1858 320 1957 lid.
338 1909 368 1958 de
378 1909 425 1957 hoo
440 1909 513 1956 verbo
546 1907 601 1956 lura
617 1908 682 1972 apud
700 1907 829 1956 Dukerum
840 1907 870 1955 ad
880 1906 991 1968 Floram,
1010 1907 1064 1956 Lib.
1076 1909 1114 1957 Il.
1133 1924 1186 1974 cap.
1200 1912 1221 1969 1,
1233 1919 1258 1960 et

263 1973 383 2022 Paruum
393 1987 476 2022 meum
487 1974 518 2021 ad
527 1923 616 2035 l'ellej.
627 1973 720 2022 Patare.
740 1973 795 2021 Lib.
810 1971 848 2019 II.
869 1987 920 2035 cap.
934 1972 973 2021 06.
1006 1972 1113 2021 Praeiero
1124 1979 1205 2023 tamen
1216 1975 1257 2025 bio

263 2037 394 2087 lectionem
412 2037 502 2087 oodiois
520 2037 634 2096 Melissi,
652 2036 758 2086 Abscidit
774 2043 886 2086 tenerum.
920 2036 956 2086 Ut
972 2037 1046 2086 edidit
1061 2038 1149 2098 Aldus,
1167 2040 1257 2089 Abste-

263 2103 337 2162 mius,
349 2103 463 2165 Scaliger.
496 2103 549 2153 Nae
568 2103 638 2152 aliter
656 2102 746 2165 legitur
764 2102 828 2165 apud
849 2101 967 2162 Gadium,
987 2102 1121 2164 Booadom,
1132 2105 1193 2152 etin
1204 2106 1256 2154 cod.

265 2167 321 2217 MS.
334 2167 557 2231 lluydeoopsriano.
590 2167 758 2230 Probabatque
775 2167 821 2216 boc
831 2168 858 2216 in
868 2182 940 2216 versu
957 2167 1066 2226 Vossius,
1087 2169 1141 2217 Lib.
1154 2169 1190 2217 ΙΙ.
1201 2170 1257 2221 Art.

264 2233 349 2282 Gram.
365 2235 403 2293 18,
421 2234 463 2282 ubi
474 2241 499 2281 et
509 2233 601 2282 Dousae
620 2233 813 2282 emendationem
824 2233 849 2281 in
861 2231 981 2280 Martialis
999 2233 1038 2281 rel
1055 2233 1178 2282 Valeriani
1197 2235 1257 2298 Epi·

263 2305 405 2361 grammata,
422 2298 494 2346 modo
511 2297 611 2362 prolato,
632 2297 678 2346 beu
694 2297 779 2357 vultus,
797 2299 842 2346 &a
861 2297 990 2360 improbat.
1024 2298 1144 2346 Frahema
1156 2314 1211 2348 vero
1221 2301 1258 2349 its

262 2363 376 2412 exhibet:
394 2363 506 2426 Dumque
522 2366 574 2412 ime
590 2369 670 2426 portes
681 2363 762 2424 fundo
778 2363 957 2425 ropsrmturob
968 2367 1023 2420 imo,
1034 2362 1257 2427 Absciditojupulo

262 2429 355 2478 lubrica
375 2433 435 2476 testo
456 2433 534 2492 caput.
569 2427 643 2479 Quod
662 2427 752 2476 firmari
773 2434 855 2490 posset
870 2427 924 2476 loco
942 2427 1071 2486 Martialis,
1089 2444 1163 2491 quem
1180 2431 1258 2480 adfert

263 2493 466 2556 Lindenbrogius.
499 2493 605 2541 Thomas
615 2499 698 2541 autem
710 2492 874 2550 Bartholinus,
891 2492 945 2541 loeo
957 2508 1030 2556 supra
1039 2494 1153 2554 iudicato,
1165 2501 1189 2544 et
1199 2495 1256 2546 Joh.

263 2557 371 2607 Prioaeos
382 2559 412 2606 ad
422 2557 520 2622 Apulej.
539 2558 596 2606 Lib.
608 2557 655 2606 IX.
667 2558 729 2607 Mat.
746 2573 770 2620 p.
781 2558 837 2615 567,
849 2557 989 2620 proferunt:
1005 2556 1135 2607 Prosecuit
1153 2567 1257 2610 tenerum
1267 2611 1269 2617 ,

259 2622 350 2672 lubrico
362 2629 426 2672 terto
436 2631 514 2686 caput.
546 2623 582 2671 Et
592 2623 705 2671 emendat
721 2623 828 2671 Prioaeus
849 2621 940 2671 lubrico
960 2628 1027 2673 msto.
1061 2623 1145 2673 Reate.
1182 2624 1257 2674 Testa

264 2689 330 2738 enim
349 2687 441 2737 luds-ico
456 2703 500 2752 pro
518 2687 604 2751 glacie,
621 2703 665 2736 seu
682 2688 759 2736 irasto
776 2703 845 2750 aquae
857 2686 882 2735 in
893 2687 996 2750 glaciem
1012 2697 1138 2737 oouoratae.
1172 2689 1256 2738 Etbio

263 2769 360 2816 quoque
371 2753 474 2803 imitatio
485 2759 522 2802 est
532 2752 613 2801 Ovidii
626 2752 680 2802 Lib.
692 2751 744 2800 III.
763 2752 836 2802 Trist.
848 2752 888 2800 El.
903 2754 941 2812 10,
953 2755 999 2802 38:
1016 2753 1122 2802 Vidimus
1139 2757 1257 2818 iopeotsm

260 2819 337 2882 plutis
347 2822 470 2866 corasistere
484 2825 592 2882 potitum,
611 2817 758 2882 Labriaopus
768 2818 876 2866 immotos
887 2823 946 2866 testo
959 2817 1079 2882 prenaebot
1089 2835 1182 2882 aquas..
1205 2821 1256 2868 Ubi

263 2889 346 2932 umen
355 2883 397 2932 alii
408 2884 495 2946 legunt
504 2882 594 2932 lubrico
604 2890 692 2940 crustu,
709 2883 767 2930 fem.
778 2897 833 2944 gen.
845 2883 909 2946 quod
919 2890 944 2931 et
953 2884 1050 2946 praefert
1061 2884 1165 2932 Patruus
1176 2900 1255 2945 meus,

264 2949 306 3012 qui
317 2954 400 2997 testam
409 2963 452 3012 pro
463 2949 539 2997 frusto
552 2947 646 3011 glaciei,
664 2946 788 2996 insolitam
807 2947 954 2996 locutionem
965 2956 1042 3010 putat.
1076 2948 1163 3012 ltaque
1175 2956 1199 2998 at
1208 2951 1256 2998 boo

263 3013 319 3062 loco
337 3013 372 3062 sio
390 3014 439 3078 legi
457 3020 544 3077 potest,
563 3020 587 3061 et
595 3013 686 3061 firmari
697 3029 728 3061 ex
739 3012 841 3074 Rutilio,
860 3013 915 3061 Lib.
929 3013 950 3061 Ι.
963 3013 1021 3062 ltin.
1033 3015 1095 3062 484:
1115 3013 1257 3077 Concipiuot

262 3091 340 3127 uorem
350 3081 433 3127 nativo
443 3079 542 3140 crapula
552 3077 674 3137 Ptolom,
693 3077 730 3126 Et
737 3081 817 3141 pravis
828 3080 905 3126 oestivo
916 3085 994 3126 crustu
1004 3079 1081 3126 solare
1090 3081 1144 3126 coit.
1180 3079 1257 3130 Haud

263 3145 341 3202 aliter,
353 3159 424 3208 quam
435 3145 571 3207 complosis
579 3146 640 3206 ripet
650 3141 759 3192 tumidus
771 3142 838 3202 Ister,
860 3142 1014 3208 orantisque
1030 3145 1142 3192 adstricto
1153 3146 1256 3206 flumine

259 3206 372 3272 plumba
392 3208 464 3258 sebit.
498 3209 555 3256 Non
576 3207 692 3256 dissimile
713 3208 776 3256 illud
796 3208 901 3258 Ausonii
923 3208 970 3272 Ep.
987 3207 1050 3256 XII.
1073 3209 1254 3258 Parentalium:

266 3272 358 3323 muto
376 3275 461 3323 emissa
481 3273 600 3334 (immisse
617 3272 714 3333 Heius.)
731 3288 854 3336 perosum
871 3273 974 3336 pondere
995 3279 1064 3332 testa
1086 3273 1176 3336 ubjecit
1196 3281 1255 3324 teoto

263 3353 334 3402 quom
352 3353 436 3388 monus
454 3340 562 3401 artificis.
597 3341 652 3386 Non
664 3339 718 3401 fuit
735 3341 834 3403 artificis
850 3353 935 3387 manus
944 3338 999 3398 bar,
1017 3354 1102 3387 mouere
1111 3339 1154 3387 illo
1164 3344 1256 3389 auerti

266 3404 460 3467 Certosuitjati,
470 3405 621 3466 suppositura
636 3418 710 3453 reum.
744 3403 794 3452 Ubi
804 3419 853 3451 non
864 3404 975 3467 dIsplioet
984 3405 1123 3467 conjectura
1141 3403 1254 3454 Heinsii:

264 3483 347 3518 mosem
358 3470 402 3518 illo
412 3471 503 3548 murati
516 3469 716 3531 Commissatis
726 3472 875 3545 suppositura
888 3485 960 3546 reum.
995 3470 1031 3517 Ut
1041 3469 1109 3517 ludat
1119 3470 1146 3518 in
1155 3470 1255 3547 rooibps

263 3535 553 3662 gdllijtlglslurltpooalgljelum
561 3533 703 3648 walgit*
718 3549 791 3650 gledllel
801 3532 1132 3663 alltlllllnl'lrillgllsllllelllllil
1141 3534 1255 3662 plrrppetm1p

263 3679 313 3712 non
324 3665 397 3722 addit,
415 3679 447 3713 an
459 3681 490 3713 ex
500 3664 600 3712 vetustis
617 3665 692 3724 libris,
711 3680 742 3712 an
758 3679 789 3712 ex
805 3663 903 3726 ingenio
921 3664 1085 3727 depromserit
1119 3665 1176 3713 Non
1187 3681 1254 3729 sper-

263 3730 434 3778 nendatamen
451 3731 504 3778 haeo
522 3728 602 3788 lectio,
620 3730 754 3794 praesertim
772 3745 828 3777 cum
845 3735 915 3776 retus
934 3728 1031 3778 Moroni
1048 3729 1131 3788 codex,
1150 3730 1254 3779 Heinsio

263 3795 373 3853 collatus,
390 3796 477 3844 babeat
496 3797 629 3858 Persepoli,
649 3795 713 3843 unde
731 3796 782 3858 ipse
800 3794 896 3856 legebat
913 3793 1048 3858 Persequit.
1082 3795 1118 3844 Ut
1133 3794 1159 3843 in
1171 3795 1253 3844 codiee

262 3858 388 3910 vossiano.
422 3861 456 3909 Iit
466 3861 501 3908 sio
511 3859 589 3909 adfert
607 3859 738 3908 Gonssliua
756 3860 786 3908 sd
805 3860 902 3908 Petron.
921 3875 973 3923 osp.
985 3859 1109 3908 CXXIII.
1128 3875 1182 3922 pag.
1196 3860 1253 3920 207,

261 3925 304 3988 qui
321 3925 382 3974 bene
399 3925 445 3974 hoo
463 3925 622 3990 Epigramma
638 3925 751 3975 illustrat.
784 3925 824 3973 Sio
830 3940 959 3988 proestare
969 3941 1040 3974 umus
1050 3925 1114 3987 apud
1125 3923 1252 3974 Soholiast.

260 3989 373 4038 Juvenal.
387 3990 437 4039 Sat.
449 3990 479 4040 V.
493 3992 548 4049 109,
565 3998 590 4040 et
600 3991 665 4050 alibi,
682 4006 725 4054 pro
737 3989 872 4054 praecidere.
907 3990 1021 4039 Ceterum
1032 3989 1112 4052 Marq.
1123 3991 1252 4049 Frehorus,

262 4053 317 4104 Lib.
328 4055 351 4106 1.
361 4056 459 4120 Parerg.
475 4071 528 4121 oap.
540 4055 579 4116 28,
596 4057 638 4106 ubi
648 4057 695 4107 boo
706 4070 803 4108 cannen
814 4056 985 4120 interpretatur
995 4055 1025 4105 de
1037 4055 1196 4120 cenotaphio,
1208 4071 1252 4104 seu
