2868 4848
654 625 803 674 unsrun.
1205 606 1249 674 25

251 767 412 832 Omnibus
426 763 476 830 his
488 765 609 851 gemini
623 777 730 832 motus
742 793 750 846 ;
774 787 911 852 quorum
926 763 1007 830 alter
1021 765 1062 830 ab
1076 765 1153 851 ipsis

252 853 406 918 Nascitur
420 864 454 930 et
465 852 609 938 proprios
625 853 765 918 ostendit
777 854 878 918 sidere
893 852 993 930 nisus,

250 939 357 1020 (Tunc
368 941 528 1004 mundum
542 939 684 1004 subeunt
697 940 786 1005 lento
800 939 882 1024 pede
892 939 913 1023 ε)
928 938 1071 1002 concitus
1086 938 1167 1003 alter

253 1024 375 1090 Invitos
389 1026 473 1110 rapit
486 1035 519 1089 et
534 1025 604 1089 caeli
618 1025 821 1090 circumrotat
836 1025 955 1090 orbem.

252 1110 374 1176 Annua
390 1110 446 1177 Sol
459 1111 583 1175 medius
597 1111 742 1196 designat
757 1121 912 1196 tempora,
929 1110 1054 1175 Phoebe
1216 1112 1245 1158 ¹⁰

251 1196 441 1275 Menstrua3
465 1219 604 1282 namque
619 1219 703 1261 anno
716 1197 823 1261 Solem
837 1219 977 1261 remeare
990 1195 1122 1274 videbis,

251 1282 393 1348 Moverit
404 1284 490 1348 unde
506 1306 580 1348 suos
595 1305 707 1348 currus
722 1305 779 1368 per
795 1284 885 1367 signa
899 1284 1052 1349 volantes.

246 1367 325 1433 'Hoc
340 1371 465 1455 peragit
480 1369 621 1455 spatium
635 1369 778 1436 breviore
793 1370 919 1434 citatior
933 1369 1009 1434 orbe

251 1453 401 1520 Mensem
416 1455 594 1540 expleturis
610 1454 734 1520 Phoebe
750 1466 901 1521 contenta
912 1456 1036 1520 diebus.

251 1539 392 1610 Annuus
406 1553 455 1606 est
469 1541 592 1608 Veneri
606 1564 729 1620 cursus,
743 1564 851 1627 neque
862 1542 981 1607 tardior
995 1541 1049 1607 illa
1217 1540 1246 1588 ¹⁶

251 1626 452 1693 Mercurius:
475 1628 568 1694 binos
584 1627 744 1692 Gradivus
759 1629 884 1712 perficit
899 1629 1001 1694 orbes.

304 1714 324 1754 s
413 1714 432 1754 s
519 1715 539 1757 s,
627 1715 647 1758 s
735 1714 755 1755 s
844 1714 864 1755 s
952 1716 972 1756 s
1060 1715 1080 1756 s
1169 1714 1188 1752 s

588 1952 823 2037 Fropmentnm
840 1953 903 2017 IV.

551 2144 594 2157 -
611 2107 681 2176 Cur
696 2109 793 2175 divite
808 2109 921 2193 lingua

250 2192 403 2278 †Graecia
418 2216 612 2282 praecurram
626 2196 733 2282 potius
749 2219 846 2282 quam
862 2196 1021 2280 triangula
1036 2196 1160 2262 dicam?

695 2507 801 2522 Λι-ι

504 2774 571 2839 III.
617 2774 994 2842 EPIGRAMMATA.

616 2958 834 3023 Errcnauns
850 2957 878 3023 I.

393 3097 447 3160 Ad
460 3096 611 3162 Hectoris
629 3095 810 3162 Tnmnlnm.
829 3098 910 3177 (Gr.
926 3105 959 3162 et
974 3099 1074 3172 Lot.)

251 3230 398 3294 Manrm
412 3231 591 3315 progenies,
609 3229 742 3309 Hector,
758 3229 874 3295 tellure
889 3231 949 3294 suh
964 3231 1028 3296 ima

295 3316 368 3400 (Fas
383 3317 492 3380 audire
508 3327 617 3381 tamen
633 3317 660 3381 si
674 3339 745 3381 mea
759 3316 855 3381 verba
870 3317 941 3401 tibi)

253 3402 399 3487 Respira‚
417 3403 569 3486 quoniam
584 3403 704 3468 vindex
719 3403 779 3468 tibi
793 3403 929 3487 contigit
944 3404 1047 3482 heres,

295 3487 363 3555 Qui
377 3488 490 3574 patriae
506 3489 624 3554 famam
638 3490 780 3575 proferat
794 3511 896 3573 usque
913 3499 990 3555 tuae.

252 3573 329 3640 Ilios
344 3597 385 3638 en
399 3575 503 3658 surgit
517 3597 657 3652 rursum,
673 3576 784 3640 inclita
798 3597 877 3660 gens
892 3575 968 3640 colit
981 3576 1079 3656 illam,

294 3661 341 3725 Te
356 3671 458 3726 marte
473 3661 616 3742 inferior,
630 3659 747 3727 Martis
763 3662 863 3727 amica
878 3672 997 3728 tamen.

252 3746 472 3830 Myrmidonas
486 3747 617 3833 periisse
629 3771 738 3813 omnes
755 3747 815 3826 dic,
833 3747 967 3826 Hector,
985 3749 1116 3829 Achilli,

294 3832 488 3898 Thessaliam
505 3843 539 3900 et
553 3834 675 3918 maguis
691 3857 759 3898 esse
775 3834 835 3899 sub
851 3833 1017 3900 AEneadis.

323 3991 439 4073 Ἕκτορ,
452 3997 552 4074 ἀρήϊον
566 3997 646 4076 αἷμα,
660 3999 729 4056 κατὰ
741 3994 843 4075 χθονὸς
859 3994 886 4056 ci
897 4020 935 4054 rra
948 3996 1063 4069 ἀκοΰεις,

369 4085 469 4168 Χαῖρε
483 4091 530 4148 καὶ
545 4091 704 4172 ἄμπνευσαν
724 4087 812 4164 βαιὸν
825 4089 895 4170 ὑπὲρ
909 4090 1046 4170 πατρίδος.
1127 4167 1145 4207 Ε
