2868 4848
230 543 274 610 54
649 561 804 608 sonuum.

230 704 384 771 cendisse.
431 701 583 789 Cumque
598 713 714 769 eterra
727 703 823 768 altius
838 702 1007 780 levaretur,
1025 723 1090 787 prae
1110 699 1227 766 timore

228 791 265 856 in
279 789 458 856 Eridanum
473 789 617 868 fluvium,
635 789 692 874 qui
707 801 740 854 et
755 788 863 854 Padus
887 789 1013 866 dicitur,
1037 787 1163 865 cecidit,
1185 789 1226 852 eb

229 875 309 942 Jove
332 875 467 942 fulmine
492 898 680 960 percussus;
703 885 737 940 et
766 875 873 940 omnis
900 875 1011 940 ardere
1033 885 1225 959 coeperunt3

229 984 388 1048 causaque
413 962 626 1046 extinguendi
647 961 811 1026 universos
834 983 944 1026 amnes
966 961 1123 1024 immissos
1146 983 1227 1042 esse,

229 1071 389 1134 omneque
403 1047 587 1114 mortalium
603 1071 706 1132 genus
729 1047 899 1124 interiisse,
923 1058 1043 1132 praeter
1066 1045 1225 1130 Pyrrham

228 1147 262 1200 et
277 1134 519 1201 Deucalionem.
549 1131 681 1200 Sorores
696 1155 824 1220 quoque
840 1133 1052 1198 Phaethontis
1066 1131 1181 1196 flentes
1190 1132 1227 1198 in

228 1222 357 1286 arbores
382 1221 521 1306 populos
551 1243 650 1285 versae
675 1231 763 1298 sunt,
793 1219 1019 1303 lachrimaeque
1050 1240 1160 1282 earum
1189 1219 1226 1282 in

230 1306 396 1372 Electrum
412 1307 526 1371 durare
541 1306 703 1383 dicuntur,
721 1305 940 1390 Heliadesque
955 1304 1134 1389 appellatae,
1144 1305 1225 1388 ipsae

228 1403 337 1458 eutem
352 1393 482 1456 nomina
496 1392 657 1469 habuisse,
672 1391 819 1477 Merope,
836 1391 945 1469 Helie,
961 1391 1070 1476 AEgle,
1083 1390 1223 1473 AEgiale,

228 1477 336 1556 Petre,
354 1477 490 1556 Phoebe,
503 1477 641 1558 Chaeric,
650 1477 825 1563 Dioxippe.
872 1477 1001 1561 Cycnus
1010 1499 1150 1562 quoquc,
1163 1499 1224 1540 rex

227 1563 381 1648 Liguriae,
408 1563 618 1629 Phaethontis
641 1565 853 1649 propinquus,
878 1564 955 1629 dum
970 1563 1072 1640 fleret,
1088 1563 1123 1626 in
1139 1559 1224 1648 Cyc-

226 1672 305 1714 num
321 1673 489 1715 conversus
501 1660 561 1726 est,
577 1650 610 1715 id
625 1672 754 1735 quoque
769 1671 902 1714 monens
921 1649 1027 1714 flebile
1046 1648 1143 1713 canit.
1189 1648 1224 1714 A

227 1737 419 1820 quibusdem
433 1757 507 1800 vero
523 1734 631 1814 Nilus,
647 1737 752 1823 quiet
768 1736 856 1802 Gion
872 1735 1085 1811 existimatur,
1101 1746 1135 1799 et
1149 1733 1223 1799 ideo

226 1822 312 1886 inter
326 1823 429 1888 sidera
443 1822 625 1899 collocatus,
641 1823 761 1908 quoda
779 1822 961 1886 meridianis
982 1821 1128 1907 partibus
1151 1843 1224 1885 cur·

226 1931 299 1973 sum
316 1909 442 1993 dirigat.
487 1907 548 1972 Est
563 1919 672 1974 autem
686 1909 774 1974 sidus
786 1908 961 1973 multarum
975 1906 1139 1972 stellarum
1150 1907 1223 1972 luce

229 1995 431 2072 adornatum,
447 2006 481 2058 et
496 1995 641 2080 subjacet
656 1995 686 2058 ei
700 1995 803 2072 stelle,
819 2017 893 2079 quae
907 2004 1039 2058 vocatur
1056 1990 1222 2077 Canopus,

226 2081 291 2144 sive
307 2079 506 2145 Ptolemaeon
522 2081 705 2166 splendens,
731 2081 900 2166 tangitque
916 2090 1078 2144 temonem
1102 2079 1222 2143 Navis:

226 2177 361 2251 apparet
376 2177 485 2232 autem
500 2166 688 2244 humillima,
705 2190 743 2231 eo
758 2167 942 2252 quodcirca
957 2177 1075 2230 terram
1090 2187 1158 2229 esse
1178 2167 1224 2230 vi-

227 2251 331 2331 detur,
347 2263 380 2318 et
395 2252 520 2318 nullum
535 2253 623 2318 sidus
637 2253 770 2317 inferius
785 2264 928 2338 apparet,
946 2253 986 2316 ob
1002 2251 1089 2336 quod
1107 2263 1222 2316 terres·

227 2338 284 2404 tris
295 2349 436 2404 vocatur.
483 2338 594 2404 Habet
605 2351 712 2404 autem
727 2338 844 2418 stellas,
860 2340 894 2403 in
908 2339 1013 2425 primo
1031 2337 1122 2402 flexu
1143 2360 1223 2422 qua·

226 2436 311 2503 tuor,
320 2425 356 2490 in
368 2423 508 2490 secundo
521 2436 594 2503 tres,
606 2426 640 2489 in
653 2425 749 2490 tertio
761 2436 836 2502 tres,
850 2448 953 2510 usque
964 2425 1005 2489 ad
1016 2424 1223 2488 novissimum

225 2533 263 2660 qq
285 2521 361 2661 teIuIn,
378 2533 457 2596 quas
471 2511 583 2576 dicunt
597 2512 632 2576 in
643 2534 698 2576 ore
711 2510 778 2576 Nili
789 2511 878 2576 fluvii
890 2535 968 2577 esse.
1014 2509 1100 2576 Sunt
1111 2533 1223 2575 omnes

270 2681 371 2750 Piscis
395 2705 542 2767 magnus,
566 2683 656 2768 cujus
682 2693 815 2768 nepotes
841 2682 992 2748 dicuntur
1020 2681 1137 2760 Pisces,
1165 2683 1223 2766 qui

226 2769 343 2833 circulo
357 2769 488 2834 zodiaco
498 2770 664 2834 constituti
675 2781 762 2848 sunt,
775 2770 891 2834 dicitnr
898 2770 933 2833 in
945 2781 1029 2834 astra
1040 2769 1224 2851 collocatus,

227 2878 265 2920 eo
297 2856 362 2919 uod
371 2855 518 2920 decidens
529 2857 563 2919 in
577 2855 683 2920 Boeth
692 2867 815 2940 stagno,
827 2855 985 2933 Phacetis,
997 2855 1063 2920 filia
1072 2854 1222 2934 VeneriS,

225 2941 261 3005 in
275 2879 408 3006 qPiscem
430 2942 471 3005 sit
493 2941 728 3025 transfigurata,
750 2965 847 3027 quam
870 2942 943 3027 Syri
964 2943 1057 3006 deam
1077 2941 1222 3006 nomina-

225 3037 352 3092 verunt.
399 3027 542 3095 Quidam
565 3039 672 3093 autem
687 3029 809 3106 dicunt,
835 3030 920 3114 quod
936 3029 975 3092 de
991 3039 1104 3112 stagno
1123 3027 1223 3092 filiam

226 3111 365 3178 Veneris
389 3115 564 3180 salvaverit.
611 3113 707 3179 Unde
723 3137 826 3201 usque
840 3115 936 3179 hodie
952 3112 1025 3198 Syri
1042 3113 1149 3178 Pisces
1173 3137 1223 3179 ar-

226 3211 359 3283 genteos
372 3200 407 3263 in
423 3201 543 3286 templo
567 3212 781 3266 sacraverunt.
826 3202 888 3266 Est
912 3213 1020 3265 eutem
1039 3200 1167 3284 signum
1186 3201 1223 3265 in

226 3297 317 3435 parte
342 3287 485 3365 australi,
510 3288 597 3374 quod
613 3287 759 3352 Piscibus
784 3287 962 3352 orientibus
987 3286 1100 3363 oritur,
1126 3309 1222 3370 quem

256 3371 352 3436 iscem
367 3373 479 3436 dicunt
489 3372 627 3458 Aquarii
637 3397 728 3438 urnae
739 3374 855 3438 habere
867 3374 1064 3438 effusionem.
1111 3371 1224 3438 Habet

226 3468 336 3522 eutem
355 3459 462 3523 stellas
482 3459 571 3538 XII,
593 3461 744 3546 equibus
764 3483 829 3524 una
846 3459 950 3524 fertur
968 3481 1036 3524 esse
1053 3459 1112 3524 sub
1132 3459 1224 3545 pedi-

225 3544 287 3609 bus
303 3544 451 3630 Aquarii,
475 3555 508 3612 et
520 3557 585 3611 tres
599 3547 634 3610 in
650 3547 785 3612 brachiis
805 3548 884 3697 equs.
930 3546 1016 3630 lpsae
1034 3556 1143 3611 autem
1159 3546 1223 3610 cla-

225 3630 325 3695 riores
352 3653 420 3695 esse
446 3632 568 3696 caeteris
593 3643 780 3699 noscuntur.
845 3643 917 3697 nter
942 3632 1012 3697 haec
1037 3644 1115 3697 sunt
1138 3643 1223 3697 estre

227 3717 291 3782 sive
307 3717 408 3802 signe,
425 3741 498 3804 quae
514 3718 659 3784 Plsnetae
675 3720 886 3804 appellantur.

271 3804 451 3868 Sacrarium
471 3806 557 3892 quod
578 3816 611 3870 et
631 3805 754 3870 Pharus
773 3806 898 3883 dicitur,
920 3815 969 3870 est
988 3805 1116 3889 signum
1134 3803 1223 3869 navi-

226 3891 376 3974 gantibus
392 3914 517 3977 semper
537 3893 741 3971 contrarium,
763 3893 850 3980 quod
870 3892 1016 3978 sequitur
1038 3891 1221 3976 Scorpionis

138 3980 140 3984 ’
226 3976 368 4043 caudam.
414 3977 511 4045 Quod
520 3979 651 4066 quidam
661 3979 800 4045 locatum
811 3979 898 4044 inter
906 3989 991 4044 astra
1002 3978 1123 4058 dicunt,
1134 3980 1221 4064 quod

226 4062 260 4125 in
276 4085 314 4128 eo
334 4064 379 4129 dii
399 4065 537 4150 primurn
561 4077 676 4133 mutuo
702 4067 954 4152 conjurationem
967 4065 1122 4148 fecerunt,
1147 4088 1221 4131 cum
