<?xml version="1.0" encoding="UTF-8"?>
<!DOCTYPE html PUBLIC "-//W3C//DTD XHTML 1.0 Transitional//EN"
    "http://www.w3.org/TR/xhtml1/DTD/xhtml1-transitional.dtd">
<html xmlns="http://www.w3.org/1999/xhtml" xml:lang="en" lang="en">
 <head>
  <title>
</title>
<meta http-equiv="Content-Type" content="text/html;charset=utf-8" />
  <meta name='ocr-system' content='tesseract 3.04.00' />
  <meta name='ocr-capabilities' content='ocr_page ocr_carea ocr_par ocr_line ocrx_word'/>
</head>
<body>
  <div class='ocr_page' id='page_1' title='image "./reliquiquextant00orelgoog_0082.png"; bbox 0 0 2868 4848; ppageno 0'>
   <div class='ocr_carea' id='block_1_1' title="bbox 630 610 1206 675">
    <p class='ocr_par' dir='ltr' id='par_1_1' title="bbox 630 610 1206 675">
     <span class='ocr_line' id='line_1_1' title="bbox 630 610 1206 675; baseline 0 -1"><span class='ocrx_word' id='word_1_1' title='bbox 630 629 784 675; x_wconf 77' lang='lat' dir='ltr'><strong>senonia.</strong></span> <span class='ocrx_word' id='word_1_2' title='bbox 1163 610 1206 674; x_wconf 79' lang='lat'><strong>49</strong></span> 
     </span>
    </p>
   </div>
   <div class='ocr_carea' id='block_1_2' title="bbox 200 766 1204 3701">
    <p class='ocr_par' dir='ltr' id='par_1_2' title="bbox 200 766 1204 3701">
     <span class='ocr_line' id='line_1_2' title="bbox 209 766 1203 856; baseline 0 -22"><span class='ocrx_word' id='word_1_3' title='bbox 209 767 360 834; x_wconf 87' lang='lat' dir='ltr'><strong>terribilis</strong></span> <span class='ocrx_word' id='word_1_4' title='bbox 377 778 411 834; x_wconf 92' lang='lat' dir='ltr'><strong>et</strong></span> <span class='ocrx_word' id='word_1_5' title='bbox 425 767 628 852; x_wconf 87' lang='lat' dir='ltr'><strong>clarissimus,</strong></span> <span class='ocrx_word' id='word_1_6' title='bbox 647 770 714 856; x_wconf 91' lang='lat' dir='ltr'><strong>qui,</strong></span> <span class='ocrx_word' id='word_1_7' title='bbox 732 768 758 834; x_wconf 91' lang='lat' dir='ltr'><strong>si</strong></span> <span class='ocrx_word' id='word_1_8' title='bbox 775 766 889 852; x_wconf 77' lang='lat' dir='ltr'><strong>fulget,</strong></span> <span class='ocrx_word' id='word_1_9' title='bbox 908 767 1114 832; x_wconf 83' lang='lat' dir='ltr'>serenitatem</span> <span class='ocrx_word' id='word_1_10' title='bbox 1129 789 1203 854; x_wconf 89' lang='lat' dir='ltr'><strong>por-</strong></span> 
     </span>
     <span class='ocr_line' id='line_1_3' title="bbox 208 855 1201 940; baseline 0.003 -21"><span class='ocrx_word' id='word_1_11' title='bbox 208 857 331 920; x_wconf 88' lang='lat' dir='ltr'><strong>tendit:</strong></span> <span class='ocrx_word' id='word_1_12' title='bbox 355 856 381 918; x_wconf 89' lang='lat' dir='ltr'><strong>si</strong></span> <span class='ocrx_word' id='word_1_13' title='bbox 412 856 609 938; x_wconf 86' lang='lat' dir='ltr'><strong>obscuratur,</strong></span> <span class='ocrx_word' id='word_1_14' title='bbox 635 865 860 940; x_wconf 83' lang='lat' dir='ltr'><strong>tempestatem</strong></span> <span class='ocrx_word' id='word_1_15' title='bbox 885 855 998 919; x_wconf 81' lang='lat' dir='ltr'><strong>annuit</strong></span> <span class='ocrx_word' id='word_1_16' title='bbox 1023 855 1201 922; x_wconf 87' lang='lat' dir='ltr'><strong>imminere.</strong></span> 
     </span>
     <span class='ocr_line' id='line_1_4' title="bbox 208 941 1204 1027; baseline 0.002 -21"><span class='ocrx_word' id='word_1_17' title='bbox 208 941 308 1006; x_wconf 91' lang='lat' dir='ltr'><strong>Hunc</strong></span> <span class='ocrx_word' id='word_1_18' title='bbox 324 941 486 1006; x_wconf 87' lang='lat' dir='ltr'><strong>Hesiodus</strong></span> <span class='ocrx_word' id='word_1_19' title='bbox 501 943 579 1006; x_wconf 90' lang='lat' dir='ltr'><strong>dicit</strong></span> <span class='ocrx_word' id='word_1_20' title='bbox 598 941 746 1027; x_wconf 86' lang='lat' dir='ltr'><strong>Neptuni</strong></span> <span class='ocrx_word' id='word_1_21' title='bbox 770 952 804 1005; x_wconf 93' lang='lat' dir='ltr'><strong>et</strong></span> <span class='ocrx_word' id='word_1_22' title='bbox 829 941 986 1024; x_wconf 82' lang='lat' dir='ltr'><strong>Euryales</strong></span> <span class='ocrx_word' id='word_1_23' title='bbox 1010 941 1122 1017; x_wconf 92' lang='lat' dir='ltr'><strong>filium,</strong></span> <span class='ocrx_word' id='word_1_24' title='bbox 1151 945 1204 1008; x_wconf 92' lang='lat' dir='ltr'><strong>cui</strong></span> 
     </span>
     <span class='ocr_line' id='line_1_5' title="bbox 208 1027 1203 1112; baseline 0.001 -20"><span class='ocrx_word' id='word_1_25' title='bbox 208 1029 292 1092; x_wconf 89' lang='lat' dir='ltr'><strong>dono</strong></span> <span class='ocrx_word' id='word_1_26' title='bbox 308 1029 419 1092; x_wconf 91' lang='lat' dir='ltr'><strong>datum</strong></span> <span class='ocrx_word' id='word_1_27' title='bbox 434 1039 484 1092; x_wconf 91' lang='lat' dir='ltr'><strong>est</strong></span> <span class='ocrx_word' id='word_1_28' title='bbox 498 1052 517 1092; x_wconf 90' lang='lat' dir='ltr'><strong>a</strong></span> <span class='ocrx_word' id='word_1_29' title='bbox 532 1027 701 1112; x_wconf 90' lang='lat' dir='ltr'><strong>Neptuno,</strong></span> <span class='ocrx_word' id='word_1_30' title='bbox 717 1039 754 1091; x_wconf 92' lang='lat' dir='ltr'><strong>ut</strong></span> <span class='ocrx_word' id='word_1_31' title='bbox 769 1049 864 1112; x_wconf 90' lang='lat' dir='ltr'><strong>super</strong></span> <span class='ocrx_word' id='word_1_32' title='bbox 879 1028 994 1091; x_wconf 88' lang='lat' dir='ltr'><strong>fluctus</strong></span> <span class='ocrx_word' id='word_1_33' title='bbox 1014 1028 1203 1112; x_wconf 89' lang='lat' dir='ltr'><strong>ambularet,</strong></span> 
     </span>
     <span class='ocr_line' id='line_1_6' title="bbox 206 1112 1203 1199; baseline 0.004 -23"><span class='ocrx_word' id='word_1_34' title='bbox 206 1114 306 1178; x_wconf 90' lang='lat' dir='ltr'><strong>veluti</strong></span> <span class='ocrx_word' id='word_1_35' title='bbox 316 1137 411 1199; x_wconf 91' lang='lat' dir='ltr'><strong>supra</strong></span> <span class='ocrx_word' id='word_1_36' title='bbox 420 1126 547 1179; x_wconf 89' lang='lat' dir='ltr'><strong>terram.</strong></span> <span class='ocrx_word' id='word_1_37' title='bbox 580 1114 731 1179; x_wconf 82' lang='lat' dir='ltr'><strong>Quicum</strong></span> <span class='ocrx_word' id='word_1_38' title='bbox 745 1113 860 1177; x_wconf 93' lang='lat' dir='ltr'><strong>Chium</strong></span> <span class='ocrx_word' id='word_1_39' title='bbox 872 1114 1020 1191; x_wconf 88' lang='lat' dir='ltr'><strong>venisset,</strong></span> <span class='ocrx_word' id='word_1_40' title='bbox 1033 1112 1203 1199; x_wconf 89' lang='lat' dir='ltr'><strong>Meropem</strong></span> 
     </span>
     <span class='ocr_line' id='line_1_7' title="bbox 207 1199 1203 1285; baseline -0.001 -19"><span class='ocrx_word' id='word_1_41' title='bbox 207 1199 403 1284; x_wconf 87' lang='lat' dir='ltr'><strong>OEnopionis</strong></span> <span class='ocrx_word' id='word_1_42' title='bbox 418 1201 516 1264; x_wconf 89' lang='lat' dir='ltr'><strong>filiam</strong></span> <span class='ocrx_word' id='word_1_43' title='bbox 532 1201 728 1285; x_wconf 89' lang='lat' dir='ltr'><strong>compressit,</strong></span> <span class='ocrx_word' id='word_1_44' title='bbox 744 1221 839 1285; x_wconf 89' lang='lat' dir='ltr'><strong>quern</strong></span> <span class='ocrx_word' id='word_1_45' title='bbox 856 1199 1023 1283; x_wconf 90' lang='lat' dir='ltr'><strong>OEnopion</strong></span> <span class='ocrx_word' id='word_1_46' title='bbox 1038 1200 1079 1263; x_wconf 94' lang='lat' dir='ltr'><strong>ob</strong></span> <span class='ocrx_word' id='word_1_47' title='bbox 1090 1200 1203 1285; x_wconf 91' lang='lat' dir='ltr'><strong>injuri-</strong></span> 
     </span>
     <span class='ocr_line' id='line_1_8' title="bbox 207 1285 1203 1370; baseline 0.003 -21"><span class='ocrx_word' id='word_1_48' title='bbox 207 1309 260 1349; x_wconf 90' lang='lat' dir='ltr'><strong>am</strong></span> <span class='ocrx_word' id='word_1_49' title='bbox 286 1287 469 1363; x_wconf 76' lang='lat' dir='ltr'><strong>excaecavit,</strong></span> <span class='ocrx_word' id='word_1_50' title='bbox 495 1288 592 1351; x_wconf 90' lang='lat' dir='ltr'><strong>etde</strong></span> <span class='ocrx_word' id='word_1_51' title='bbox 616 1287 734 1351; x_wconf 91' lang='lat' dir='ltr'><strong>finibus</strong></span> <span class='ocrx_word' id='word_1_52' title='bbox 755 1287 822 1350; x_wconf 88' lang='lat' dir='ltr'><strong>s&#39;uis</strong></span> <span class='ocrx_word' id='word_1_53' title='bbox 847 1286 983 1370; x_wconf 89' lang='lat' dir='ltr'><strong>expulit.</strong></span> <span class='ocrx_word' id='word_1_54' title='bbox 1030 1285 1105 1370; x_wconf 89' lang='lat' dir='ltr'><strong>Ipse</strong></span> <span class='ocrx_word' id='word_1_55' title='bbox 1130 1311 1203 1353; x_wconf 91' lang='lat' dir='ltr'><strong>cum</strong></span> 
     </span>
     <span class='ocr_line' id='line_1_9' title="bbox 206 1371 1202 1455; baseline 0.002 -19"><span class='ocrx_word' id='word_1_56' title='bbox 206 1371 367 1436; x_wconf 92' lang='lat' dir='ltr'><strong>Lemnum</strong></span> <span class='ocrx_word' id='word_1_57' title='bbox 376 1374 525 1451; x_wconf 91' lang='lat' dir='ltr'><strong>venisset,</strong></span> <span class='ocrx_word' id='word_1_58' title='bbox 541 1397 559 1436; x_wconf 90' lang='lat' dir='ltr'><strong>a</strong></span> <span class='ocrx_word' id='word_1_59' title='bbox 573 1373 647 1437; x_wconf 86' lang='lat' dir='ltr'><strong>Sole</strong></span> <span class='ocrx_word' id='word_1_60' title='bbox 662 1373 777 1436; x_wconf 88' lang='lat' dir='ltr'><strong>dicitur</strong></span> <span class='ocrx_word' id='word_1_61' title='bbox 790 1373 819 1437; x_wconf 92' lang='lat' dir='ltr'><strong>ei</strong></span> <span class='ocrx_word' id='word_1_62' title='bbox 831 1372 953 1436; x_wconf 88' lang='lat' dir='ltr'><strong>lumina</strong></span> <span class='ocrx_word' id='word_1_63' title='bbox 963 1373 1113 1436; x_wconf 89' lang='lat' dir='ltr'><strong>restituta</strong></span> <span class='ocrx_word' id='word_1_64' title='bbox 1122 1397 1202 1455; x_wconf 88' lang='lat' dir='ltr'><strong>esse,</strong></span> 
     </span>
     <span class='ocr_line' id='line_1_10' title="bbox 208 1458 1203 1546; baseline 0.005 -25"><span class='ocrx_word' id='word_1_65' title='bbox 208 1469 241 1521; x_wconf 93' lang='lat' dir='ltr'><strong>et</strong></span> <span class='ocrx_word' id='word_1_66' title='bbox 255 1481 399 1523; x_wconf 88' lang='lat' dir='ltr'><strong>reversus</strong></span> <span class='ocrx_word' id='word_1_67' title='bbox 415 1471 464 1522; x_wconf 89' lang='lat' dir='ltr'><strong>est</strong></span> <span class='ocrx_word' id='word_1_68' title='bbox 479 1460 518 1524; x_wconf 89' lang='lat' dir='ltr'><strong>ad</strong></span> <span class='ocrx_word' id='word_1_69' title='bbox 535 1459 765 1546; x_wconf 91' lang='lat' dir='ltr'><strong>OEnopionem,</strong></span> <span class='ocrx_word' id='word_1_70' title='bbox 780 1458 833 1544; x_wconf 92' lang='lat' dir='ltr'><strong>qui</strong></span> <span class='ocrx_word' id='word_1_71' title='bbox 852 1481 924 1522; x_wconf 93' lang='lat' dir='ltr'><strong>cum</strong></span> <span class='ocrx_word' id='word_1_72' title='bbox 940 1482 958 1522; x_wconf 91' lang='lat' dir='ltr'><strong>a</strong></span> <span class='ocrx_word' id='word_1_73' title='bbox 974 1459 1093 1522; x_wconf 87' lang='lat' dir='ltr'><strong>civibus</strong></span> <span class='ocrx_word' id='word_1_74' title='bbox 1117 1471 1203 1526; x_wconf 87' lang='lat' dir='ltr'><strong>terra</strong></span> 
     </span>
     <span class='ocr_line' id='line_1_11' title="bbox 206 1543 1201 1630; baseline 0.003 -23"><span class='ocrx_word' id='word_1_75' title='bbox 206 1543 463 1622; x_wconf 85' lang='lat' dir='ltr'><strong>absconderetur,</strong></span> <span class='ocrx_word' id='word_1_76' title='bbox 502 1545 680 1630; x_wconf 90' lang='lat' dir='ltr'><strong>OEnopion,</strong></span> <span class='ocrx_word' id='word_1_77' title='bbox 711 1546 878 1629; x_wconf 88' lang='lat' dir='ltr'><strong>desperata</strong></span> <span class='ocrx_word' id='word_1_78' title='bbox 908 1546 976 1629; x_wconf 88' lang='lat' dir='ltr'><strong>ejus</strong></span> <span class='ocrx_word' id='word_1_79' title='bbox 1004 1545 1201 1625; x_wconf 89' lang='lat' dir='ltr'><strong>inventione,</strong></span> 
     </span>
     <span class='ocr_line' id='line_1_12' title="bbox 206 1627 1202 1716; baseline 0.004 -22"><span class='ocrx_word' id='word_1_80' title='bbox 206 1627 339 1695; x_wconf 86' lang='lat' dir='ltr'><strong>Cretam</strong></span> <span class='ocrx_word' id='word_1_81' title='bbox 355 1644 404 1696; x_wconf 90' lang='lat' dir='ltr'><strong>est</strong></span> <span class='ocrx_word' id='word_1_82' title='bbox 418 1631 598 1716; x_wconf 88' lang='lat' dir='ltr'><strong>profectus:</strong></span> <span class='ocrx_word' id='word_1_83' title='bbox 622 1633 679 1695; x_wconf 92' lang='lat' dir='ltr'><strong>ubi</strong></span> <span class='ocrx_word' id='word_1_84' title='bbox 694 1654 766 1695; x_wconf 89' lang='lat' dir='ltr'><strong>cum</strong></span> <span class='ocrx_word' id='word_1_85' title='bbox 780 1631 947 1695; x_wconf 88' lang='lat' dir='ltr'><strong>immodice</strong></span> <span class='ocrx_word' id='word_1_86' title='bbox 963 1642 1142 1709; x_wconf 89' lang='lat' dir='ltr'><strong>venaretur,</strong></span> <span class='ocrx_word' id='word_1_87' title='bbox 1168 1646 1202 1698; x_wconf 90' lang='lat' dir='ltr'><strong>et</strong></span> 
     </span>
     <span class='ocr_line' id='line_1_13' title="bbox 206 1717 1201 1801; baseline 0.004 -22"><span class='ocrx_word' id='word_1_88' title='bbox 206 1739 225 1779; x_wconf 91' lang='lat' dir='ltr'><strong>a</strong></span> <span class='ocrx_word' id='word_1_89' title='bbox 241 1717 348 1782; x_wconf 88' lang='lat' dir='ltr'><strong>Diana</strong></span> <span class='ocrx_word' id='word_1_90' title='bbox 363 1718 585 1801; x_wconf 88' lang='lat' dir='ltr'><strong>corriperetur,</strong></span> <span class='ocrx_word' id='word_1_91' title='bbox 597 1719 643 1782; x_wconf 86' lang='lat' dir='ltr'><strong>ait</strong></span> <span class='ocrx_word' id='word_1_92' title='bbox 658 1741 691 1781; x_wconf 89' lang='lat' dir='ltr'><strong>se</strong></span> <span class='ocrx_word' id='word_1_93' title='bbox 707 1718 827 1781; x_wconf 90' lang='lat' dir='ltr'><strong>nullam</strong></span> <span class='ocrx_word' id='word_1_94' title='bbox 843 1717 942 1782; x_wconf 85' lang='lat' dir='ltr'><strong>feram</strong></span> <span class='ocrx_word' id='word_1_95' title='bbox 956 1718 990 1781; x_wconf 92' lang='lat' dir='ltr'><strong>in</strong></span> <span class='ocrx_word' id='word_1_96' title='bbox 1007 1718 1099 1780; x_wconf 89' lang='lat' dir='ltr'><strong>terris</strong></span> <span class='ocrx_word' id='word_1_97' title='bbox 1110 1720 1201 1784; x_wconf 90' lang='lat' dir='ltr'><strong>relic-</strong></span> 
     </span>
     <span class='ocr_line' id='line_1_14' title="bbox 205 1803 1201 1889; baseline 0.003 -24"><span class='ocrx_word' id='word_1_98' title='bbox 205 1812 324 1868; x_wconf 90' lang='lat' dir='ltr'><strong>turum.</strong></span> <span class='ocrx_word' id='word_1_99' title='bbox 370 1804 479 1867; x_wconf 86' lang='lat' dir='ltr'><strong>Tellus</strong></span> <span class='ocrx_word' id='word_1_100' title='bbox 488 1804 654 1889; x_wconf 84' lang='lat' dir='ltr'><strong>indignata</strong></span> <span class='ocrx_word' id='word_1_101' title='bbox 666 1803 874 1888; x_wconf 89' lang='lat' dir='ltr'><strong>Scorpionem</strong></span> <span class='ocrx_word' id='word_1_102' title='bbox 884 1803 1004 1868; x_wconf 90' lang='lat' dir='ltr'><strong>extulit</strong></span> <span class='ocrx_word' id='word_1_103' title='bbox 1014 1805 1104 1868; x_wconf 88' lang='lat' dir='ltr'><strong>mirae</strong></span> <span class='ocrx_word' id='word_1_104' title='bbox 1114 1827 1201 1889; x_wconf 82' lang='lat' dir='ltr'><strong>mag-</strong></span> 
     </span>
     <span class='ocr_line' id='line_1_15' title="bbox 204 1889 1202 1976; baseline 0.004 -26"><span class='ocrx_word' id='word_1_105' title='bbox 204 1889 372 1967; x_wconf 87' lang='lat' dir='ltr'><strong>nitudinis,</strong></span> <span class='ocrx_word' id='word_1_106' title='bbox 389 1891 445 1976; x_wconf 90' lang='lat' dir='ltr'><strong>qui</strong></span> <span class='ocrx_word' id='word_1_107' title='bbox 459 1913 573 1975; x_wconf 91' lang='lat' dir='ltr'><strong>poenas</strong></span> <span class='ocrx_word' id='word_1_108' title='bbox 588 1891 870 1976; x_wconf 75' lang='lat' dir='ltr'><strong>magniloquentiae</strong></span> <span class='ocrx_word' id='word_1_109' title='bbox 886 1890 955 1974; x_wconf 88' lang='lat' dir='ltr'><strong>ejus</strong></span> <span class='ocrx_word' id='word_1_110' title='bbox 971 1890 1126 1972; x_wconf 85' lang='lat' dir='ltr'><strong>exigeret,</strong></span> <span class='ocrx_word' id='word_1_111' title='bbox 1144 1891 1202 1954; x_wconf 91' lang='lat' dir='ltr'><strong>Ju-</strong></span> 
     </span>
     <span class='ocr_line' id='line_1_16' title="bbox 203 1975 1202 2060; baseline 0.004 -22"><span class='ocrx_word' id='word_1_112' title='bbox 203 1975 289 2060; x_wconf 88' lang='lat' dir='ltr'><strong>piter</strong></span> <span class='ocrx_word' id='word_1_113' title='bbox 303 1987 411 2039; x_wconf 91' lang='lat' dir='ltr'><strong>autem</strong></span> <span class='ocrx_word' id='word_1_114' title='bbox 428 1975 581 2040; x_wconf 88' lang='lat' dir='ltr'><strong>Orionem</strong></span> <span class='ocrx_word' id='word_1_115' title='bbox 596 1979 636 2040; x_wconf 94' lang='lat' dir='ltr'><strong>ob</strong></span> <span class='ocrx_word' id='word_1_116' title='bbox 651 1977 802 2041; x_wconf 88' lang='lat' dir='ltr'><strong>virtutem</strong></span> <span class='ocrx_word' id='word_1_117' title='bbox 826 1976 918 2041; x_wconf 87' lang='lat' dir='ltr'><strong>astris</strong></span> <span class='ocrx_word' id='word_1_118' title='bbox 940 1976 1062 2040; x_wconf 89' lang='lat' dir='ltr'><strong>intulit.</strong></span> <span class='ocrx_word' id='word_1_119' title='bbox 1109 1976 1202 2042; x_wconf 89' lang='lat' dir='ltr'><strong>Idem</strong></span> 
     </span>
     <span class='ocr_line' id='line_1_17' title="bbox 201 2063 1200 2147; baseline 0.005 -23"><span class='ocrx_word' id='word_1_120' title='bbox 201 2074 321 2144; x_wconf 84' lang='lat' dir='ltr'><strong>rogatu</strong></span> <span class='ocrx_word' id='word_1_121' title='bbox 348 2063 464 2146; x_wconf 88' lang='lat' dir='ltr'><strong>Dianae</strong></span> <span class='ocrx_word' id='word_1_122' title='bbox 493 2063 699 2147; x_wconf 86' lang='lat' dir='ltr'><strong>Scorpionem</strong></span> <span class='ocrx_word' id='word_1_123' title='bbox 721 2065 911 2127; x_wconf 81' lang='lat' dir='ltr'><strong>interestne</strong></span> <span class='ocrx_word' id='word_1_124' title='bbox 934 2063 1102 2126; x_wconf 91' lang='lat' dir='ltr'><strong>duodecim</strong></span> <span class='ocrx_word' id='word_1_125' title='bbox 1122 2065 1200 2129; x_wconf 90' lang='lat' dir='ltr'><strong>caelo</strong></span> 
     </span>
     <span class='ocr_line' id='line_1_18' title="bbox 205 2148 1201 2235; baseline 0.003 -24"><span class='ocrx_word' id='word_1_126' title='bbox 205 2148 380 2226; x_wconf 89' lang='lat' dir='ltr'><strong>collocavit,</strong></span> <span class='ocrx_word' id='word_1_127' title='bbox 396 2171 532 2234; x_wconf 90' lang='lat' dir='ltr'><strong>quorum</strong></span> <span class='ocrx_word' id='word_1_128' title='bbox 548 2161 658 2213; x_wconf 89' lang='lat' dir='ltr'><strong>contra</strong></span> <span class='ocrx_word' id='word_1_129' title='bbox 672 2148 927 2233; x_wconf 86' lang='lat' dir='ltr'><strong>magnitudinem</strong></span> <span class='ocrx_word' id='word_1_130' title='bbox 946 2149 1048 2212; x_wconf 89' lang='lat' dir='ltr'><strong>stellae</strong></span> <span class='ocrx_word' id='word_1_131' title='bbox 1073 2171 1201 2235; x_wconf 91' lang='lat' dir='ltr'><strong>quoque</strong></span> 
     </span>
     <span class='ocr_line' id='line_1_19' title="bbox 206 2234 1202 2319; baseline 0.005 -23"><span class='ocrx_word' id='word_1_132' title='bbox 206 2256 317 2299; x_wconf 90' lang='lat' dir='ltr'><strong>eorum</strong></span> <span class='ocrx_word' id='word_1_133' title='bbox 345 2235 548 2319; x_wconf 88' lang='lat' dir='ltr'><strong>amplissimae</strong></span> <span class='ocrx_word' id='word_1_134' title='bbox 578 2247 662 2300; x_wconf 89' lang='lat' dir='ltr'><strong>sunt.</strong></span> <span class='ocrx_word' id='word_1_135' title='bbox 709 2234 951 2300; x_wconf 87' lang='lat' dir='ltr'><strong>Aristomachus</strong></span> <span class='ocrx_word' id='word_1_136' title='bbox 982 2245 1090 2299; x_wconf 88' lang='lat' dir='ltr'><strong>autem</strong></span> <span class='ocrx_word' id='word_1_137' title='bbox 1124 2237 1202 2301; x_wconf 88' lang='lat' dir='ltr'><strong>dicit</strong></span> 
     </span>
     <span class='ocr_line' id='line_1_20' title="bbox 205 2319 1199 2408; baseline 0.004 -26"><span class='ocrx_word' id='word_1_138' title='bbox 205 2319 532 2408; x_wconf 88' lang='lat' dir='ltr'><strong>Erythreaquendam</strong></span> <span class='ocrx_word' id='word_1_139' title='bbox 541 2321 661 2385; x_wconf 82' lang='lat' dir='ltr'><strong>Thebis</strong></span> <span class='ocrx_word' id='word_1_140' title='bbox 672 2334 746 2386; x_wconf 90' lang='lat' dir='ltr'><strong>voto</strong></span> <span class='ocrx_word' id='word_1_141' title='bbox 757 2321 888 2407; x_wconf 86' lang='lat' dir='ltr'><strong>petisse,</strong></span> <span class='ocrx_word' id='word_1_142' title='bbox 898 2333 936 2384; x_wconf 92' lang='lat' dir='ltr'><strong>ut</strong></span> <span class='ocrx_word' id='word_1_143' title='bbox 944 2321 1044 2384; x_wconf 90' lang='lat' dir='ltr'><strong>filiurn</strong></span> <span class='ocrx_word' id='word_1_144' title='bbox 1056 2321 1199 2401; x_wconf 89' lang='lat' dir='ltr'><strong>haberet,</strong></span> 
     </span>
     <span class='ocr_line' id='line_1_21' title="bbox 204 2407 1200 2494; baseline 0.003 -24"><span class='ocrx_word' id='word_1_145' title='bbox 204 2407 245 2470; x_wconf 91' lang='lat' dir='ltr'><strong>ad</strong></span> <span class='ocrx_word' id='word_1_146' title='bbox 268 2430 365 2494; x_wconf 91' lang='lat' dir='ltr'><strong>quem</strong></span> <span class='ocrx_word' id='word_1_147' title='bbox 390 2409 518 2492; x_wconf 88' lang='lat' dir='ltr'><strong>Jupiter</strong></span> <span class='ocrx_word' id='word_1_148' title='bbox 546 2408 725 2472; x_wconf 88' lang='lat' dir='ltr'><strong>Mercurius</strong></span> <span class='ocrx_word' id='word_1_149' title='bbox 748 2421 781 2472; x_wconf 90' lang='lat' dir='ltr'><strong>et</strong></span> <span class='ocrx_word' id='word_1_150' title='bbox 802 2407 976 2492; x_wconf 91' lang='lat' dir='ltr'><strong>Neptunus</strong></span> <span class='ocrx_word' id='word_1_151' title='bbox 992 2408 1130 2494; x_wconf 91' lang='lat' dir='ltr'><strong>hospitio</strong></span> <span class='ocrx_word' id='word_1_152' title='bbox 1145 2409 1200 2474; x_wconf 92' lang='lat' dir='ltr'><strong>de-</strong></span> 
     </span>
     <span class='ocr_line' id='line_1_22' title="bbox 203 2493 1198 2580; baseline 0.002 -24"><span class='ocrx_word' id='word_1_153' title='bbox 203 2507 374 2559; x_wconf 89' lang='lat' dir='ltr'><strong>venerunt:</strong></span> <span class='ocrx_word' id='word_1_154' title='bbox 392 2495 447 2580; x_wconf 88' lang='lat' dir='ltr'><strong>qui</strong></span> <span class='ocrx_word' id='word_1_155' title='bbox 459 2495 503 2559; x_wconf 90' lang='lat' dir='ltr'><strong>eis</strong></span> <span class='ocrx_word' id='word_1_156' title='bbox 514 2494 651 2559; x_wconf 88' lang='lat' dir='ltr'><strong>hostiam</strong></span> <span class='ocrx_word' id='word_1_157' title='bbox 662 2495 848 2572; x_wconf 88' lang='lat' dir='ltr'><strong>immolavit,</strong></span> <span class='ocrx_word' id='word_1_158' title='bbox 860 2505 897 2557; x_wconf 89' lang='lat' dir='ltr'><strong>ut</strong></span> <span class='ocrx_word' id='word_1_159' title='bbox 906 2493 990 2558; x_wconf 91' lang='lat' dir='ltr'><strong>filius</strong></span> <span class='ocrx_word' id='word_1_160' title='bbox 1000 2505 1198 2574; x_wconf 84' lang='lat' dir='ltr'><strong>nasceretur3</strong></span> 
     </span>
     <span class='ocr_line' id='line_1_23' title="bbox 204 2580 1201 2666; baseline 0.003 -24"><span class='ocrx_word' id='word_1_161' title='bbox 204 2581 295 2665; x_wconf 88' lang='lat' dir='ltr'><strong>cujus</strong></span> <span class='ocrx_word' id='word_1_162' title='bbox 311 2581 399 2645; x_wconf 92' lang='lat' dir='ltr'><strong>bovis</strong></span> <span class='ocrx_word' id='word_1_163' title='bbox 414 2580 498 2665; x_wconf 91' lang='lat' dir='ltr'><strong>pelle</strong></span> <span class='ocrx_word' id='word_1_164' title='bbox 514 2581 665 2657; x_wconf 88' lang='lat' dir='ltr'><strong>detracta,</strong></span> <span class='ocrx_word' id='word_1_165' title='bbox 682 2581 726 2644; x_wconf 92' lang='lat' dir='ltr'><strong>dii</strong></span> <span class='ocrx_word' id='word_1_166' title='bbox 739 2582 773 2645; x_wconf 90' lang='lat' dir='ltr'><strong>in</strong></span> <span class='ocrx_word' id='word_1_167' title='bbox 788 2604 859 2645; x_wconf 90' lang='lat' dir='ltr'><strong>eanr</strong></span> <span class='ocrx_word' id='word_1_168' title='bbox 874 2580 998 2643; x_wconf 88' lang='lat' dir='ltr'><strong>urinam</strong></span> <span class='ocrx_word' id='word_1_169' title='bbox 1009 2582 1124 2660; x_wconf 90' lang='lat' dir='ltr'><strong>fecere,</strong></span> <span class='ocrx_word' id='word_1_170' title='bbox 1131 2583 1201 2666; x_wconf 91' lang='lat' dir='ltr'><strong>jus·</strong></span> 
     </span>
     <span class='ocr_line' id='line_1_24' title="bbox 204 2667 1199 2754; baseline 0.002 -25"><span class='ocrx_word' id='word_1_171' title='bbox 204 2688 305 2754; x_wconf 93' lang='lat' dir='ltr'><strong>suque</strong></span> <span class='ocrx_word' id='word_1_172' title='bbox 321 2667 486 2744; x_wconf 88' lang='lat' dir='ltr'><strong>Mercurii,</strong></span> <span class='ocrx_word' id='word_1_173' title='bbox 502 2678 587 2731; x_wconf 89' lang='lat' dir='ltr'><strong>terra</strong></span> <span class='ocrx_word' id='word_1_174' title='bbox 602 2669 717 2732; x_wconf 89' lang='lat' dir='ltr'><strong>obruta</strong></span> <span class='ocrx_word' id='word_1_175' title='bbox 732 2678 791 2745; x_wconf 90' lang='lat' dir='ltr'><strong>est,</strong></span> <span class='ocrx_word' id='word_1_176' title='bbox 807 2667 892 2730; x_wconf 91' lang='lat' dir='ltr'><strong>unde</strong></span> <span class='ocrx_word' id='word_1_177' title='bbox 908 2688 989 2750; x_wconf 89' lang='lat' dir='ltr'><strong>puer</strong></span> <span class='ocrx_word' id='word_1_178' title='bbox 1000 2668 1199 2750; x_wconf 86' lang='lat' dir='ltr'><strong>supradictus</strong></span> 
     </span>
     <span class='ocr_line' id='line_1_25' title="bbox 204 2753 1200 2839; baseline 0.002 -23"><span class='ocrx_word' id='word_1_179' title='bbox 204 2765 254 2818; x_wconf 91' lang='lat' dir='ltr'><strong>est</strong></span> <span class='ocrx_word' id='word_1_180' title='bbox 267 2765 373 2832; x_wconf 89' lang='lat' dir='ltr'><strong>natus,</strong></span> <span class='ocrx_word' id='word_1_181' title='bbox 397 2775 492 2839; x_wconf 91' lang='lat' dir='ltr'><strong>quem</strong></span> <span class='ocrx_word' id='word_1_182' title='bbox 505 2753 662 2817; x_wconf 89' lang='lat' dir='ltr'><strong>Urionem</strong></span> <span class='ocrx_word' id='word_1_183' title='bbox 674 2754 915 2838; x_wconf 85' lang='lat' dir='ltr'><strong>appellaverunt</strong></span> <span class='ocrx_word' id='word_1_184' title='bbox 930 2764 963 2816; x_wconf 89' lang='lat' dir='ltr'><strong>ct</strong></span> <span class='ocrx_word' id='word_1_185' title='bbox 978 2755 1070 2817; x_wconf 88' lang='lat' dir='ltr'><strong>astris</strong></span> <span class='ocrx_word' id='word_1_186' title='bbox 1082 2753 1200 2819; x_wconf 90' lang='lat' dir='ltr'><strong>intule-</strong></span> 
     </span>
     <span class='ocr_line' id='line_1_26' title="bbox 203 2837 1200 2923; baseline 0.002 -21"><span class='ocrx_word' id='word_1_187' title='bbox 203 2852 289 2904; x_wconf 88' lang='lat' dir='ltr'><strong>runt.</strong></span> <span class='ocrx_word' id='word_1_188' title='bbox 336 2840 477 2905; x_wconf 83' lang='lat' dir='ltr'><strong>Quidam</strong></span> <span class='ocrx_word' id='word_1_189' title='bbox 492 2851 600 2904; x_wconf 88' lang='lat' dir='ltr'><strong>autem</strong></span> <span class='ocrx_word' id='word_1_190' title='bbox 617 2841 727 2904; x_wconf 88' lang='lat' dir='ltr'><strong>dicunt</strong></span> <span class='ocrx_word' id='word_1_191' title='bbox 749 2840 906 2903; x_wconf 91' lang='lat' dir='ltr'><strong>Urionem</strong></span> <span class='ocrx_word' id='word_1_192' title='bbox 930 2837 1200 2923; x_wconf 90' lang='lat' dir='ltr'><strong>Methymnaeum,</strong></span> 
     </span>
     <span class='ocr_line' id='line_1_27' title="bbox 203 2924 1200 3011; baseline 0.001 -22"><span class='ocrx_word' id='word_1_193' title='bbox 203 2927 259 3011; x_wconf 93' lang='lat' dir='ltr'><strong>qui</strong></span> <span class='ocrx_word' id='word_1_194' title='bbox 274 2948 346 2990; x_wconf 90' lang='lat' dir='ltr'><strong>cum</strong></span> <span class='ocrx_word' id='word_1_195' title='bbox 358 2938 442 2991; x_wconf 90' lang='lat' dir='ltr'><strong>esset</strong></span> <span class='ocrx_word' id='word_1_196' title='bbox 456 2926 587 2991; x_wconf 87' lang='lat' dir='ltr'><strong>citharae</strong></span> <span class='ocrx_word' id='word_1_197' title='bbox 602 2937 727 3010; x_wconf 89' lang='lat' dir='ltr'><strong>potens,</strong></span> <span class='ocrx_word' id='word_1_198' title='bbox 744 2949 803 2990; x_wconf 86' lang='lat' dir='ltr'><strong>rex</strong></span> <span class='ocrx_word' id='word_1_199' title='bbox 820 2924 1057 2989; x_wconf 87' lang='lat' dir='ltr'><strong>Corinthiorum</strong></span> <span class='ocrx_word' id='word_1_200' title='bbox 1080 2925 1200 3010; x_wconf 89' lang='lat' dir='ltr'><strong>Pyran-</strong></span> 
     </span>
     <span class='ocr_line' id='line_1_28' title="bbox 203 3012 1200 3098; baseline 0.003 -23"><span class='ocrx_word' id='word_1_201' title='bbox 203 3012 277 3076; x_wconf 93' lang='lat' dir='ltr'><strong>thus</strong></span> <span class='ocrx_word' id='word_1_202' title='bbox 293 3013 422 3077; x_wconf 90' lang='lat' dir='ltr'><strong>nomine</strong></span> <span class='ocrx_word' id='word_1_203' title='bbox 437 3034 510 3077; x_wconf 91' lang='lat' dir='ltr'><strong>eum</strong></span> <span class='ocrx_word' id='word_1_204' title='bbox 526 3013 651 3090; x_wconf 90' lang='lat' dir='ltr'><strong>dilexit,</strong></span> <span class='ocrx_word' id='word_1_205' title='bbox 668 3013 812 3098; x_wconf 90' lang='lat' dir='ltr'><strong>quicum</strong></span> <span class='ocrx_word' id='word_1_206' title='bbox 826 3037 845 3076; x_wconf 91' lang='lat' dir='ltr'><strong>a</strong></span> <span class='ocrx_word' id='word_1_207' title='bbox 860 3034 934 3094; x_wconf 85' lang='lat' dir='ltr'><strong>rege</strong></span> <span class='ocrx_word' id='word_1_208' title='bbox 950 3012 1152 3095; x_wconf 67' lang='lat' dir='ltr'><strong>impetrasset</strong></span> <span class='ocrx_word' id='word_1_209' title='bbox 1163 3024 1200 3078; x_wconf 93' lang='lat' dir='ltr'><strong>ut</strong></span> 
     </span>
     <span class='ocr_line' id='line_1_29' title="bbox 202 3099 1200 3182; baseline 0.001 -20"><span class='ocrx_word' id='word_1_210' title='bbox 202 3099 362 3162; x_wconf 87' lang='lat' dir='ltr'><strong>civitatem</strong></span> <span class='ocrx_word' id='word_1_211' title='bbox 377 3111 445 3163; x_wconf 89' lang='lat' dir='ltr'><strong>arte</strong></span> <span class='ocrx_word' id='word_1_212' title='bbox 461 3122 517 3163; x_wconf 90' lang='lat' dir='ltr'><strong>sua</strong></span> <span class='ocrx_word' id='word_1_213' title='bbox 531 3099 717 3178; x_wconf 89' lang='lat' dir='ltr'><strong>illustraret,</strong></span> <span class='ocrx_word' id='word_1_214' title='bbox 737 3111 770 3162; x_wconf 92' lang='lat' dir='ltr'><strong>et</strong></span> <span class='ocrx_word' id='word_1_215' title='bbox 793 3119 945 3182; x_wconf 88' lang='lat' dir='ltr'><strong>magnum</strong></span> <span class='ocrx_word' id='word_1_216' title='bbox 969 3099 1200 3181; x_wconf 84' lang='lat' dir='ltr'><strong>patrimonium</strong></span> 
     </span>
     <span class='ocr_line' id='line_1_30' title="bbox 202 3185 1200 3271; baseline 0.002 -23"><span class='ocrx_word' id='word_1_217' title='bbox 202 3185 430 3271; x_wconf 84' lang='lat' dir='ltr'><strong>acquisivisset,</strong></span> <span class='ocrx_word' id='word_1_218' title='bbox 456 3196 685 3250; x_wconf 89' lang='lat' dir='ltr'><strong>consenserunt</strong></span> <span class='ocrx_word' id='word_1_219' title='bbox 708 3185 819 3248; x_wconf 84' lang='lat' dir='ltr'><strong>famuli</strong></span> <span class='ocrx_word' id='word_1_220' title='bbox 842 3207 915 3249; x_wconf 90' lang='lat' dir='ltr'><strong>cum</strong></span> <span class='ocrx_word' id='word_1_221' title='bbox 937 3185 1053 3262; x_wconf 90' lang='lat' dir='ltr'><strong>nautis,</strong></span> <span class='ocrx_word' id='word_1_222' title='bbox 1073 3197 1110 3248; x_wconf 95' lang='lat' dir='ltr'><strong>ut</strong></span> <span class='ocrx_word' id='word_1_223' title='bbox 1125 3208 1200 3250; x_wconf 90' lang='lat' dir='ltr'><strong>eum</strong></span> 
     </span>
     <span class='ocr_line' id='line_1_31' title="bbox 201 3271 1199 3358; baseline 0.002 -24"><span class='ocrx_word' id='word_1_224' title='bbox 201 3271 434 3350; x_wconf 87' lang='lat' dir='ltr'><strong>interficerent;</strong></span> <span class='ocrx_word' id='word_1_225' title='bbox 459 3295 554 3358; x_wconf 90' lang='lat' dir='ltr'><strong>quem</strong></span> <span class='ocrx_word' id='word_1_226' title='bbox 567 3293 639 3334; x_wconf 91' lang='lat' dir='ltr'><strong>cum</strong></span> <span class='ocrx_word' id='word_1_227' title='bbox 649 3271 768 3335; x_wconf 90' lang='lat' dir='ltr'><strong>vellent</strong></span> <span class='ocrx_word' id='word_1_228' title='bbox 778 3272 969 3348; x_wconf 85' lang='lat' dir='ltr'><strong>interficere,</strong></span> <span class='ocrx_word' id='word_1_229' title='bbox 985 3271 1080 3355; x_wconf 88' lang='lat' dir='ltr'><strong>petiit</strong></span> <span class='ocrx_word' id='word_1_230' title='bbox 1095 3271 1135 3334; x_wconf 88' lang='lat' dir='ltr'><strong>ab</strong></span> <span class='ocrx_word' id='word_1_231' title='bbox 1153 3273 1199 3336; x_wconf 91' lang='lat' dir='ltr'><strong>eis</strong></span> 
     </span>
     <span class='ocr_line' id='line_1_32' title="bbox 201 3356 1200 3422; baseline 0.001 -2"><span class='ocrx_word' id='word_1_232' title='bbox 201 3369 240 3421; x_wconf 92' lang='lat' dir='ltr'><strong>ut</strong></span> <span class='ocrx_word' id='word_1_233' title='bbox 265 3369 340 3422; x_wconf 91' lang='lat' dir='ltr'><strong>ante</strong></span> <span class='ocrx_word' id='word_1_234' title='bbox 367 3359 560 3422; x_wconf 84' lang='lat' dir='ltr'><strong>decantaret.</strong></span> <span class='ocrx_word' id='word_1_235' title='bbox 607 3356 692 3422; x_wconf 88' lang='lat' dir='ltr'><strong>Cum</strong></span> <span class='ocrx_word' id='word_1_236' title='bbox 717 3369 825 3422; x_wconf 90' lang='lat' dir='ltr'><strong>autem</strong></span> <span class='ocrx_word' id='word_1_237' title='bbox 851 3357 982 3422; x_wconf 87' lang='lat' dir='ltr'><strong>citharae</strong></span> <span class='ocrx_word' id='word_1_238' title='bbox 1007 3378 1102 3421; x_wconf 92' lang='lat' dir='ltr'><strong>sonus</strong></span> <span class='ocrx_word' id='word_1_239' title='bbox 1126 3380 1200 3422; x_wconf 91' lang='lat' dir='ltr'><strong>cum</strong></span> 
     </span>
     <span class='ocr_line' id='line_1_33' title="bbox 201 3443 1198 3529; baseline 0 -21"><span class='ocrx_word' id='word_1_240' title='bbox 201 3467 277 3508; x_wconf 88' lang='lat' dir='ltr'><strong>voce</strong></span> <span class='ocrx_word' id='word_1_241' title='bbox 292 3445 361 3529; x_wconf 91' lang='lat' dir='ltr'><strong>ejus</strong></span> <span class='ocrx_word' id='word_1_242' title='bbox 385 3445 560 3524; x_wconf 88' lang='lat' dir='ltr'><strong>audiretur,</strong></span> <span class='ocrx_word' id='word_1_243' title='bbox 584 3443 739 3528; x_wconf 90' lang='lat' dir='ltr'><strong>Delphini</strong></span> <span class='ocrx_word' id='word_1_244' title='bbox 766 3444 883 3507; x_wconf 89' lang='lat' dir='ltr'><strong>circum</strong></span> <span class='ocrx_word' id='word_1_245' title='bbox 906 3443 1012 3508; x_wconf 87' lang='lat' dir='ltr'><strong>navim</strong></span> <span class='ocrx_word' id='word_1_246' title='bbox 1029 3458 1198 3523; x_wconf 91' lang='lat' dir='ltr'><strong>venerunt,</strong></span> 
     </span>
     <span class='ocr_line' id='line_1_34' title="bbox 200 3530 1199 3616; baseline 0.003 -24"><span class='ocrx_word' id='word_1_247' title='bbox 200 3530 254 3594; x_wconf 93' lang='lat' dir='ltr'><strong>ille</strong></span> <span class='ocrx_word' id='word_1_248' title='bbox 270 3553 366 3615; x_wconf 91' lang='lat' dir='ltr'><strong>super</strong></span> <span class='ocrx_word' id='word_1_249' title='bbox 380 3553 481 3595; x_wconf 90' lang='lat' dir='ltr'><strong>unum</strong></span> <span class='ocrx_word' id='word_1_250' title='bbox 493 3554 535 3595; x_wconf 83' lang='lat' dir='ltr'><strong>ex</strong></span> <span class='ocrx_word' id='word_1_251' title='bbox 547 3531 595 3594; x_wconf 88' lang='lat' dir='ltr'><strong>his</strong></span> <span class='ocrx_word' id='word_1_252' title='bbox 607 3553 640 3594; x_wconf 90' lang='lat' dir='ltr'><strong>se</strong></span> <span class='ocrx_word' id='word_1_253' title='bbox 651 3530 871 3615; x_wconf 85' lang='lat' dir='ltr'><strong>praecipitavit,</strong></span> <span class='ocrx_word' id='word_1_254' title='bbox 884 3530 940 3616; x_wconf 91' lang='lat' dir='ltr'><strong>qui</strong></span> <span class='ocrx_word' id='word_1_255' title='bbox 952 3551 1023 3593; x_wconf 90' lang='lat' dir='ltr'><strong>eum</strong></span> <span class='ocrx_word' id='word_1_256' title='bbox 1037 3531 1199 3595; x_wconf 87' lang='lat' dir='ltr'><strong>sublatum</strong></span> 
     </span>
     <span class='ocr_line' id='line_1_35' title="bbox 201 3615 1198 3701; baseline 0.003 -22"><span class='ocrx_word' id='word_1_257' title='bbox 201 3616 242 3680; x_wconf 90' lang='lat' dir='ltr'><strong>ad</strong></span> <span class='ocrx_word' id='word_1_258' title='bbox 258 3616 384 3700; x_wconf 89' lang='lat' dir='ltr'><strong>Regem</strong></span> <span class='ocrx_word' id='word_1_259' title='bbox 410 3617 612 3701; x_wconf 89' lang='lat' dir='ltr'><strong>Pyranthum</strong></span> <span class='ocrx_word' id='word_1_260' title='bbox 629 3615 823 3681; x_wconf 88' lang='lat' dir='ltr'><strong>Corinthum</strong></span> <span class='ocrx_word' id='word_1_261' title='bbox 844 3618 969 3682; x_wconf 89' lang='lat' dir='ltr'><strong>detulit.</strong></span> <span class='ocrx_word' id='word_1_262' title='bbox 1015 3615 1198 3701; x_wconf 89' lang='lat' dir='ltr'><strong>Delphinus</strong></span> 
     </span>
    </p>
   </div>
   <div class='ocr_carea' id='block_1_3' title="bbox 201 3702 1284 4114">
    <p class='ocr_par' dir='ltr' id='par_1_3' title="bbox 201 3702 1284 4114">
     <span class='ocr_line' id='line_1_36' title="bbox 201 3702 1198 3790; baseline 0 -23"><span class='ocrx_word' id='word_1_263' title='bbox 201 3704 365 3768; x_wconf 90' lang='lat' dir='ltr'><strong>subductis</strong></span> <span class='ocrx_word' id='word_1_264' title='bbox 379 3727 438 3789; x_wconf 90' lang='lat' dir='ltr'><strong>per</strong></span> <span class='ocrx_word' id='word_1_265' title='bbox 452 3716 566 3768; x_wconf 90' lang='lat' dir='ltr'><strong>aestum</strong></span> <span class='ocrx_word' id='word_1_266' title='bbox 587 3704 677 3790; x_wconf 90' lang='lat' dir='ltr'><strong>aquis</strong></span> <span class='ocrx_word' id='word_1_267' title='bbox 702 3705 903 3768; x_wconf 85' lang='lat' dir='ltr'><strong>exanimatus</strong></span> <span class='ocrx_word' id='word_1_268' title='bbox 930 3714 988 3767; x_wconf 89' lang='lat' dir='ltr'><strong>est.</strong></span> <span class='ocrx_word' id='word_1_269' title='bbox 1036 3702 1103 3768; x_wconf 83' lang='lat' dir='ltr'><strong>Qui</strong></span> <span class='ocrx_word' id='word_1_270' title='bbox 1126 3726 1198 3767; x_wconf 90' lang='lat' dir='ltr'><strong>cum</strong></span> 
     </span>
     <span class='ocr_line' id='line_1_37' title="bbox 201 3788 1198 3874; baseline 0.001 -22"><span class='ocrx_word' id='word_1_271' title='bbox 201 3811 274 3853; x_wconf 91' lang='lat' dir='ltr'><strong>suos</strong></span> <span class='ocrx_word' id='word_1_272' title='bbox 300 3812 390 3854; x_wconf 90' lang='lat' dir='ltr'><strong>casus</strong></span> <span class='ocrx_word' id='word_1_273' title='bbox 416 3790 581 3874; x_wconf 82' lang='lat' dir='ltr'><strong>Pyrantho</strong></span> <span class='ocrx_word' id='word_1_274' title='bbox 603 3791 773 3866; x_wconf 68' lang='lat' dir='ltr'><strong>narrasset,</strong></span> <span class='ocrx_word' id='word_1_275' title='bbox 799 3790 895 3874; x_wconf 90' lang='lat' dir='ltr'><strong>jussit</strong></span> <span class='ocrx_word' id='word_1_276' title='bbox 925 3813 984 3854; x_wconf 85' lang='lat' dir='ltr'><strong>rex</strong></span> <span class='ocrx_word' id='word_1_277' title='bbox 1015 3788 1198 3873; x_wconf 88' lang='lat' dir='ltr'><strong>Pyranthus</strong></span> 
     </span>
     <span class='ocr_line' id='line_1_38' title="bbox 202 3874 1197 3961; baseline 0 -23"><span class='ocrx_word' id='word_1_278' title='bbox 202 3874 401 3961; x_wconf 90' lang='lat' dir='ltr'><strong>Delphinum</strong></span> <span class='ocrx_word' id='word_1_279' title='bbox 417 3877 555 3961; x_wconf 90' lang='lat' dir='ltr'><strong>sepeliri,</strong></span> <span class='ocrx_word' id='word_1_280' title='bbox 573 3888 605 3940; x_wconf 93' lang='lat' dir='ltr'><strong>et</strong></span> <span class='ocrx_word' id='word_1_281' title='bbox 621 3877 650 3939; x_wconf 88' lang='lat' dir='ltr'><strong>ei</strong></span> <span class='ocrx_word' id='word_1_282' title='bbox 665 3888 910 3940; x_wconf 90' lang='lat' dir='ltr'><strong>monumentum</strong></span> <span class='ocrx_word' id='word_1_283' title='bbox 932 3875 1021 3940; x_wconf 81' lang='lat' dir='ltr'><strong>lieri:</strong></span> <span class='ocrx_word' id='word_1_284' title='bbox 1046 3886 1118 3958; x_wconf 87' lang='lat' dir='ltr'><strong>post</strong></span> <span class='ocrx_word' id='word_1_285' title='bbox 1140 3877 1197 3939; x_wconf 90' lang='lat' dir='ltr'><strong>ali-</strong></span> 
     </span>
     <span class='ocr_line' id='line_1_39' title="bbox 201 3961 1284 4048; baseline 0.001 -24"><span class='ocrx_word' id='word_1_286' title='bbox 201 3962 392 4047; x_wconf 89' lang='lat' dir='ltr'><strong>quantulum</strong></span> <span class='ocrx_word' id='word_1_287' title='bbox 412 3964 565 4047; x_wconf 90' lang='lat' dir='ltr'><strong>temporis</strong></span> <span class='ocrx_word' id='word_1_288' title='bbox 587 3963 686 4040; x_wconf 87' lang='lat' dir='ltr'><strong>navis,</strong></span> <span class='ocrx_word' id='word_1_289' title='bbox 709 3985 773 4048; x_wconf 88' lang='lat' dir='ltr'><strong>qua</strong></span> <span class='ocrx_word' id='word_1_290' title='bbox 795 3963 896 4027; x_wconf 90' lang='lat' dir='ltr'><strong>Orion</strong></span> <span class='ocrx_word' id='word_1_291' title='bbox 917 3963 1065 4026; x_wconf 89' lang='lat' dir='ltr'><strong>devectus</strong></span> <span class='ocrx_word' id='word_1_292' title='bbox 1079 3961 1196 4039; x_wconf 84' lang='lat' dir='ltr'><strong>fuerat,</strong></span> <span class='ocrx_word' id='word_1_293' title='bbox 1281 4007 1284 4012; x_wconf 31' lang='grc' dir='ltr'><strong><em>ι</em></strong></span> 
     </span>
     <span class='ocr_line' id='line_1_40' title="bbox 203 4047 1197 4114; baseline -0.003 -2"><span class='ocrx_word' id='word_1_294' title='bbox 203 4048 395 4113; x_wconf 90' lang='lat' dir='ltr'><strong>Corinthum</strong></span> <span class='ocrx_word' id='word_1_295' title='bbox 416 4049 522 4114; x_wconf 86' lang='lat' dir='ltr'><strong>delata</strong></span> <span class='ocrx_word' id='word_1_296' title='bbox 542 4060 600 4114; x_wconf 91' lang='lat' dir='ltr'><strong>est.</strong></span> <span class='ocrx_word' id='word_1_297' title='bbox 645 4049 771 4113; x_wconf 86' lang='lat' dir='ltr'><strong>Nautes</strong></span> <span class='ocrx_word' id='word_1_298' title='bbox 793 4071 864 4112; x_wconf 91' lang='lat' dir='ltr'><strong>cum</strong></span> <span class='ocrx_word' id='word_1_299' title='bbox 885 4049 926 4113; x_wconf 89' lang='lat' dir='ltr'><strong>ad</strong></span> <span class='ocrx_word' id='word_1_300' title='bbox 946 4071 980 4112; x_wconf 93' lang='lat' dir='ltr'><strong>se</strong></span> <span class='ocrx_word' id='word_1_301' title='bbox 1000 4047 1114 4110; x_wconf 89' lang='lat' dir='ltr'><strong>adduci</strong></span> <span class='ocrx_word' id='word_1_302' title='bbox 1138 4069 1197 4110; x_wconf 87' lang='lat' dir='ltr'><strong>rex</strong></span> 
     </span>
    </p>
   </div>
   <div class='ocr_carea' id='block_1_4' title="bbox 200 4135 1196 4258">
    <p class='ocr_par' dir='ltr' id='par_1_4' title="bbox 200 4135 1196 4258">
     <span class='ocr_line' id='line_1_41' title="bbox 200 4135 1196 4258; baseline -0.001 -59"><span class='ocrx_word' id='word_1_303' title='bbox 200 4135 398 4220; x_wconf 65' lang='lat' dir='ltr'><strong>imperasset,</strong></span> <span class='ocrx_word' id='word_1_304' title='bbox 430 4146 463 4200; x_wconf 93' lang='lat' dir='ltr'><strong>et</strong></span> <span class='ocrx_word' id='word_1_305' title='bbox 492 4135 531 4200; x_wconf 91' lang='lat' dir='ltr'><strong>de</strong></span> <span class='ocrx_word' id='word_1_306' title='bbox 563 4135 683 4206; x_wconf 88' lang='lat' dir='ltr'><strong>Orione</strong></span> <span class='ocrx_word' id='word_1_307' title='bbox 712 4135 900 4222; x_wconf 89' lang='lat' dir='ltr'><strong>inquireret,</strong></span> <span class='ocrx_word' id='word_1_308' title='bbox 936 4135 1090 4258; x_wconf 64' lang='lat' dir='ltr'><strong>dixerupt</strong></span> <span class='ocrx_word' id='word_1_309' title='bbox 1122 4155 1196 4198; x_wconf 88' lang='lat' dir='ltr'><strong>eum</strong></span> 
     </span>
    </p>
   </div>
   <div class='ocr_carea' id='block_1_5' title="bbox 0 0 1438 4848">
    <p class='ocr_par' dir='ltr' id='par_1_5' title="bbox 0 0 1438 4848">
     <span class='ocr_line' id='line_1_42' title="bbox 0 0 1438 4848; baseline 0 3"><span class='ocrx_word' id='word_1_310' title='bbox 0 0 1438 4848; x_wconf 95' lang='lat' dir='ltr'><strong> </strong></span> 
     </span>
    </p>
   </div>
  </div>
 </body>
</html>
