2868 4848
279 561 300 624 6
670 579 866 626 onnunrrcr

280 721 357 808 Ipse
371 723 500 788 brevem
515 718 634 806 patulis
648 720 797 786 manibus
812 731 876 788 stat
890 731 963 807 post
979 721 1178 808 Cynosuram

280 808 424 874 Didueto
436 829 533 894 passu
545 830 554 872 r
578 817 738 892 quantum
749 807 834 874 latus
849 830 868 873 a
882 808 963 894 pede
977 807 1094 874 dextro

281 894 428 982 Cepheos
444 903 623 960 extremam
638 893 742 978 tangit
759 893 959 980 Cynosurida
973 895 1118 974 caudam,

280 979 486 1047 Tantundem
500 981 541 1046 ab
552 979 633 1046 laevo
648 979 765 1060 distat3
788 980 893 1046 minor
908 991 1045 1066 utraque
1056 983 1166 1068 jungit
1229 986 1276 1040 ¹⁹⁰

281 1067 412 1153 Regula
426 1063 576 1153 Cepheos
589 1065 733 1150 vestigia.
778 1065 912 1132 Balteus
927 1067 1037 1146 ambit,

281 1154 358 1222 Qua
367 1154 453 1220 latua
468 1175 504 1218 ac
517 1153 640 1218 flexum
654 1151 777 1218 sinuosi
784 1152 915 1238 respicit
930 1153 1069 1240 Anguis,
1132 1163 1276 1198 ΜΡΝ·

282 1241 463 1326 Cassiepeia
476 1239 580 1304 virum
594 1239 714 1304 residet
728 1238 872 1304 sublimis
887 1239 929 1304 sd
941 1240 1066 1326 ipsum,

282 1327 387 1404 Clara,
403 1327 499 1392 etiam
513 1347 639 1411 pernox
650 1324 728 1390 caelo
743 1347 844 1410 quum
859 1324 954 1392 Luna
966 1325 1102 1406 refulsit,

281 1412 348 1480 Sed
362 1412 467 1477 brevis
482 1423 515 1478 et
526 1411 636 1498 paucis
651 1412 799 1476 decorata
813 1411 848 1476 in
863 1411 964 1477 sidere
975 1413 1122 1480 flammis.
1231 1417 1275 1466 ¹9⁵

282 1498 397 1566 Qualis
412 1498 546 1566 ferratos
560 1498 678 1563 subicit
692 1497 843 1564 clavicula
857 1498 981 1577 dentes,

282 1583 431 1652 Succutit
446 1593 479 1650 et
492 1583 616 1650 foribus
628 1584 786 1669 praeducti
800 1583 929 1650 vincula
945 1584 1093 1652 claustri:

281 1673 368 1737 Telis
383 1671 537 1772 disposita
549 1678 599 1736 est
609 1670 709 1735 stellis
720 1694 729 1749 3
752 1670 822 1820 ipsa
835 1670 966 1736 horride
979 1670 1073 1737 vultu

282 1758 336 1824 Sic
350 1758 456 1824 tendrt
469 1758 602 1842 palmas,
617 1779 677 1822 ceu
689 1756 731 1820 sit
744 1779 766 1842 p
779 1765 913 1822 auctura
925 1755 1069 1822 relictam

282 1843 533 1922 Andromedam,
548 1843 673 1908 meritae
687 1864 754 1907 non
761 1844 851 1928 juste
863 1841 989 1929 piacula
1004 1843 1124 1911 matris.
1229 1849 1276 1896 ²⁰⁰

325 1931 396 1997 Nec
410 1930 523 2016 procul
536 1927 755 2008 Andromede,
770 1939 872 1994 totam
886 1951 983 2014 quam
997 1951 1125 1996 cernere
1139 1955 1232 2016 posse

283 2017 430 2083 Obscura
445 2017 505 2081 sub
521 2025 614 2080 nocte
628 2014 721 2080 licet:
745 2015 789 2080 sic
804 2015 920 2082 emieat
933 2038 1000 2093 ore,
1108 2019 1273 2066 [mmm

284 2102 337 2169 Sic
351 2102 475 2187 magnis
486 2101 628 2167 humeris
643 2101 758 2166 candet
772 2101 868 2166 nitor.
914 2101 1009 2167 Hanc
1024 2102 1129 2168 media
1144 2105 1256 2181 ambit,

283 2189 386 2274 Ignea
405 2187 577 2254 substricta
590 2187 678 2252 lueet
692 2208 767 2272 quae
782 2187 900 2252 zonula
912 2188 1017 2274 palla3

282 2274 348 2342 Sed
386 2274 578 2340 oenoefsoies
593 2282 749 2351 remanet,
765 2273 972 2361 districtaque
986 2273 1099 2375 pendit
1229 2276 1275 2322 2⁰5

282 2298 430 2440 Bracbia,
446 2384 506 2427 eeu
521 2360 593 2426 duri
607 2369 779 2426 teneantur
795 2359 908 2426 robore
924 2383 1006 2426 sam.

324 2447 542 2513 Andromedae
555 2447 654 2532 capiti
667 2445 794 2531 sonipes
808 2448 1026 2532 supereminet
1040 2447 1116 2524 ales,
1194 2455 1274 2492 ⁸0⁰⁰*

280 2533 413 2601 Vertice
424 2544 458 2600 et
472 2532 687 2600 Andromedae
701 2533 804 2598 radiat
820 2554 894 2617 quae
905 2533 1007 2612 stella,
1024 2533 1084 2598 sub
1098 2534 1168 2620 ipsa

280 2621 366 2687 Alvo
376 2621 481 2705 firlget
495 2620 587 2705 equi;
611 2629 675 2686 tres
690 2641 793 2684 armos
805 2629 839 2684 et
854 2619 956 2686 latere
969 2620 1071 2705 aequis

281 2708 497 2792 Distinguunt
511 2705 642 2792 spatiis3
664 2705 761 2790 capiti
773 2705 954 2772 tristissima
966 2706 1078 2783 forma,
1229 2707 1275 2753 ²¹⁰

280 2794 328 2860 Et
342 2793 450 2858 cervix
463 2793 532 2858 sine
545 2791 667 2858 bonore
682 2793 817 2856 obscuro
831 2791 953 2860 lumine
967 2793 1085 2859 sordet.

280 2879 453 2966 Spumanti
467 2879 592 2944 mandit
606 2878 662 2943 sed
677 2900 741 2962 qua
754 2877 841 2942 ferus
855 2900 910 2944 ore
918 2878 1041 2965 lupata,

280 2967 328 3031 Et
342 2966 445 3051 capite
461 2975 495 3030 et
508 2965 604 3049 longa
619 2965 738 3030 cervice
753 2964 909 3048 insignior
923 2965 994 3030 exit

281 3052 383 3118 Stella
398 3052 516 3128 nitens,
532 3049 626 3116 armis
640 3049 798 3135 laterique
815 3049 976 3116 simillima
990 3072 1117 3135 magno.

281 3139 352 3204 Nec
368 3148 469 3203 totam
484 3137 538 3202 ille
553 3146 662 3202 temen
677 3136 811 3201 formam
821 3159 880 3222 per
893 3136 1020 3222 singula
1033 3136 1158 3202 reddit:
1226 3135 1273 3182 215

280 3224 390 3290 Primo
405 3232 539 3310 praestat
554 3243 686 3308 equum,
697 3223 802 3287 medio
816 3233 913 3308 rupta
928 3223 1039 3288 ordina
1051 3222 1195 3288 membra

279 3310 474 3376 Destituunt
485 3310 584 3386 visus,
607 3308 695 3373 rudis
708 3309 783 3374 inde
794 3310 932 3394 assurgit
945 3309 1062 3394 imago.

280 3397 442 3481 Gorgonis
454 3396 505 3460 hic
517 3394 641 3482 proles:
665 3395 699 3459 in
714 3393 821 3460 Pierio
838 3394 1008 3474 Helicone,
1025 3399 1029 3410 “

278 3482 409 3548 Vertice
447 3504 526 3546 uum
541 3501 665 3546 summo
680 3481 824 3546 nondum
838 3482 1021 3547 decurreret
1036 3481 1134 3559 unda,

279 3569 414 3634 Museos
425 3505 534 3633 lontes
546 3566 654 3631 dextri
666 3567 755 3652 pedis
769 3567 888 3633 ictibus
899 3567 1029 3647 hausit;
1224 3569 1273 3618 ²²⁰

279 3655 361 3721 Inde
376 3655 483 3740 liquor
496 3654 625 3739 genitus
636 3674 754 3718 nomen
769 3664 877 3732 tenet,
902 3653 971 3739 Hip
997 3676 1128 3720 uerenes

278 3740 392 3807 Fontis
407 3763 524 3806 nomen
535 3740 644 3805 habet.
691 3739 756 3805 Sed
768 3739 912 3826 Pegasus
927 3677 1047 3808 aetlere
1062 3761 1187 3806 summo

277 3826 414 3894 Veloces
429 3827 530 3912 agitat
543 3848 666 3911 pennas
679 3837 712 3891 et
727 3827 829 3892 sidere
843 3828 975 3912 gaudet.

321 3914 403 3979 Inde
418 3915 528 3979 subest
541 3912 648 3992 Aries,
661 3913 718 3999 qui
725 3913 821 3998 longe
836 3914 979 3980 maxima
993 3931 1124 3980 currens
1196 3919 1272 3952 Μ’·

279 4000 367 4066 Orbe
383 4023 441 4066 ano
457 3999 611 4086 spatiaad
625 3999 723 4064 finem
734 4022 798 4065 non
813 4000 935 4066 tardius
951 3998 1035 4063 Ursa
1225 4001 1272 4046 2²5

277 4086 438 4166 Pervenit,
456 4098 488 4151 et
504 4096 626 4171 quanto
640 4086 783 4152 breviore
800 4085 957 4171 Lycaonis
974 4086 1090 4151 Arctos

1412 765 1414 848 l
