2902 4838
266 599 280 632 c
698 595 829 632 ΝΟΤΔΙῦΙ

265 725 393 784 Heinsius,
410 739 454 790 pro
466 725 522 790 jeu
538 727 606 773 renio
622 726 761 785 semum,
779 731 802 774 et
818 725 866 775 λιι
881 725 925 776 tr‘lu'
939 731 1017 790 porto,
1029 727 1074 775 Ite.
1107 723 1147 775 sie
1157 727 1184 776 in
1196 726 1256 792 Epi·

264 797 400 854 grammate
418 789 489 840 Orelli
508 789 659 849 timiniani,
678 796 706 838 ut
715 790 862 848 inscribitur,
877 791 906 840 de
919 792 1026 840 Fortuna
1042 792 1106 855 apud
1123 792 1257 853 Pithoeum,

265 855 321 905 Lib.
332 856 354 905 1.
373 871 428 920 pag.
439 857 484 904 29:
504 854 635 916 osorem
652 860 737 918 potem
752 871 781 905 oe
797 857 898 905 nimum
917 858 979 905 levia.
1015 856 1051 904 Ut
1062 857 1159 920 vulgata
1169 859 1257 920 pruefe-

264 929 323 970 runt
340 921 494 985 exemplaria.
528 919 576 968 Sed
593 919 727 982 elegantius
745 922 844 970 omnino
864 921 917 979 erit,
936 922 956 970 si
973 922 1104 970 scribatur:
1124 921 1145 970 0
1154 923 1259 983 fortuma

261 993 352 1050 potens,
363 991 389 1034 ot
399 989 501 1034 nimium
510 986 575 1034 ean.
609 985 645 1033 Et
653 985 687 1032 ita
698 984 827 1048 legendum
837 993 896 1050 puto
906 987 931 1035 in
943 987 966 1034 E
983 987 1075 1050 itaphio
1087 987 1176 1036 eximio
1187 989 1252 1051 apud

266 1051 363 1100 Gruter.
376 1065 430 1114 paq.
442 1049 597 1100 MCXXIII.
615 1049 668 1098 Ina.
679 1048 709 1101 I:
729 1053 793 1100 Nom
803 1067 839 1098 me
849 1057 932 1100 anneta
971 1068 1027 1100 naua
1044 1053 1107 1100 sedes
1124 1068 1174 1100 unu
1189 1055 1258 1101 nosse

262 1117 372 1165 silentum
384 1117 476 1164 luerit:
490 1122 516 1164 ut
526 1119 552 1164 lu
562 1115 614 1163 orell
625 1115 704 1164 lueida
715 1118 801 1180 templo
811 1118 873 1166 retu.
907 1116 946 1164 lbi
956 1117 1029 1165 etiam
1040 1116 1103 1165 male
1113 1117 1223 1177 habetur,
1234 1123 1257 1166 et

263 1184 291 1230 irs
300 1181 358 1230 orell
390 1181 512 1242 Iustinus,
522 1181 578 1229 Lib.
591 1179 627 1228 11.
638 1195 690 1243 cap.
701 1179 765 1229 XII.
783 1183 795 1242 1
806 1181 829 1239 7,
846 1187 875 1230 nt
884 1183 975 1245 optime
986 1181 1091 1230 restituit
1104 1183 1256 1232 Gronovius:

263 1245 313 1295 aar
322 1249 344 1294 el
353 1245 397 1294 hoo
410 1261 498 1310 porum
518 1251 594 1294 tutum
612 1251 652 1303 eu.
671 1250 698 1294 al
709 1260 748 1294 vor
765 1250 885 1295 commtaao
898 1248 981 1310 proelm
1000 1250 1033 1294 e'te
1051 1250 1139 1306 cessim,
1157 1247 1257 1296 iulu'bete

263 1313 342 1372 nnis,
360 1312 407 1360 tce.
439 1311 513 1375 Apud
533 1310 664 1359 Horatium
684 1325 787 1373 quoque,
807 1311 862 1360 Lib.
875 1311 897 1359 1.
918 1312 955 1360 cd.
973 1311 1020 1360 XI.
1039 1311 1134 1374 legebat
1152 1312 1257 1362 Patruus

263 1390 343 1437 meus,
361 1381 388 1424 ot
398 1377 481 1425 nulius
497 1375 615 1440 quidquid
630 1378 677 1423 erit
689 1379 751 1438 pau,
762 1392 811 1424 non
821 1383 855 1438 ut,
866 1377 909 1441 qui
919 1377 987 1425 locus
999 1377 1060 1424 mire
1071 1377 1166 1425 vexarit
1177 1377 1257 1426 Inter-

263 1447 352 1505 preter,
363 1447 388 1490 et
398 1441 433 1490 sic
444 1441 508 1505 apud
518 1441 579 1489 alios
589 1440 655 1489 haud
665 1455 727 1489 raro.

298 1505 323 1558 7.
341 1505 439 1555 Tentata
447 1511 565 1555 estmorae
575 1504 686 1570 lacrymis
699 1505 822 1569 plebesque
835 1504 971 1570 putresque]
995 1507 1170 1554 Testuttmorea
1181 1506 1258 1554 Hein-

264 1569 315 1620 sius
326 1571 438 1620 malebat
472 1571 619 1634 Plerumque
637 1570 704 1620 enlm
719 1571 838 1634 pluralem
855 1571 996 1634 praeferebat
1006 1587 1144 1630 numerum,
1156 1573 1198 1618 ubi
1209 1573 1257 1620 duo

264 1635 302 1684 vel
329 1635 383 1684 lura
393 1642 523 1686 occurrunt
534 1635 664 1685 cumulata.
698 1635 746 1684 Sed
756 1636 810 1684 vide
821 1636 905 1684 Patrui
916 1636 966 1684 mei
975 1643 1044 1684 notas
1056 1637 1086 1684 ad
1096 1636 1223 1684 Claudian.
1235 1636 1257 1686 1.

264 1701 291 1749 in
335 1701 397 1750 usin.
419 1717 443 1752 r.
460 1703 500 1763 63,
519 1701 598 1764 plebes
618 1701 718 1764 antiqno
738 1716 805 1750 more
822 1716 866 1765 pro
881 1700 955 1764 pleds,
976 1708 1004 1749 ut
1022 1701 1085 1764 apud
1104 1701 1257 1760 Sallustium,

264 1765 385 1826 Tacitum,
402 1765 540 1826 Lucanum,
557 1765 626 1816 alios.
659 1764 863 1830 Auson.1dyl.1.
883 1782 905 1814 v.
917 1768 947 1814 8:
966 1767 1048 1814 Noeta
1064 1782 1132 1828 quem
1146 1766 1258 1815 melemm

261 1829 340 1943 q'lebee
361 1835 449 1908 trerqtt.
481 1831 552 1880 Adde
571 1831 646 1894 Igitur
667 1831 733 1878 hunc
754 1845 852 1908 qersum
871 1831 998 1894 exemplis,
1017 1847 1071 1894 quae
1092 1831 1258 1908 produxerunt

288 1910 375 1956 canus,
391 1896 446 1945 Lrb.
459 1896 483 1944 1.
493 1897 523 1945 de
534 1895 637 1959 Analog.
649 1897 694 1952 833
712 1896 863 1945 Freinshem.
873 1897 904 1944 ad
921 1896 1021 1946 Florum
1033 1896 1054 1944 1.
1071 1911 1123 1960 cap.
1136 1896 1182 1953 263
1200 1897 1256 1944 lnt-

264 1959 364 2009 tershnf.
376 1961 407 2009 ad
418 1961 539 2010 Gunther.
557 1961 612 2010 Lib.
624 1960 661 2010 II.
680 1977 736 2026 pag.
747 1962 795 2019 51;
812 1968 837 2011 et
855 1961 951 2010 Gudius
968 1977 996 2010 ac
1014 1962 1119 2010 Patruus
1138 1977 1209 2010 meus
1225 1963 1257 2010 ed

264 2025 359 2075 Phredr.
371 2027 426 2076 Lib.
436 2026 480 2076 IV.
491 2027 539 2077 fab.
546 2028 572 2088 ⁵,
581 2042 603 2076 v.
613 2027 651 2076 lc.

368 2573 445 2624 VIII.
461 2573 646 2626 APPENDIX
663 2573 840 2623 NOTARUM
858 2573 1150 2624 scHwARTZIANX

296 2729 480 2778 Pataroue-2
497 2727 659 2791 Imperatores
682 2727 806 2776 Invocatos
831 2727 897 2775 idem
919 2743 1011 2776 numen
1029 2728 1059 2775 ad
1078 2742 1161 2775 versus
1179 2727 1255 2790 Inspi-

262 2796 349 2846 randos
368 2809 424 2842 cum
443 2793 558 2856 Apolline
578 2793 666 2842 habore
682 2794 806 2859 putabant.
840 2793 911 2842 0vid.
928 2793 959 2840 ad
979 2793 1151 2840 Germanicum
1163 2793 1255 2842 Fastnr.

264 2860 343 2920 1,17=
361 2859 404 2908 Du
414 2860 475 2908 ma'lze'
489 2865 511 2906 te
527 2859 656 2922 placidum,
676 2861 765 2909 dederis
782 2863 809 2908 r'u
828 2859 942 2907 Camino
959 2861 1028 2916 aurea,
1048 2859 1172 2922 [menium
1189 2859 1257 2906 uultu

262 2931 355 2989 statque
365 2926 473 2988 caditque
484 2930 533 2973 tuo.
567 2925 653 2976 Barth.
664 2924 727 2975 Λᾶν.
738 2924 828 2974 XXII.
842 2925 880 2982 18,
893 2939 917 2986 p.
927 2923 998 2973 1107.

295 2993 321 3039 4.
340 2991 415 3039 Hunc
431 2997 482 3038 tam
501 2990 629 3038 verecundi
650 2991 698 3040 cria
719 2991 831 3053 princeps
852 2989 959 3037 laborem
977 3003 1049 3036 suum
1068 2986 1172 3050 ipsemet
1191 2987 1256 3036 docti

263 3055 362 3105 nomine
373 3055 542 3104 commendetl
576 3055 708 3104 Enimvero
720 3056 797 3104 verior
806 3055 901 3103 ridetur
911 3053 1029 3117 scriptura
1041 3053 1149 3116 ductique
1160 3053 1256 3101 laborm.

263 3121 319 3169 Sive
339 3121 405 3169 enirn
421 3120 452 3168 ad
471 3120 653 3169 translationem
673 3121 786 3170 carminis
804 3127 905 3184 spectes,
926 3118 976 3166 sive
988 3118 1019 3166 ad
1031 3125 1154 3168 auctorem
1164 3119 1255 3180 Ipsum,

261 3185 352 3234 mellus
362 3186 397 3234 ita
414 3185 513 3234 omnino
531 3185 606 3247 legas.
638 3190 743 3234 Aratum
759 3186 825 3233 enlm
846 3185 909 3232 inter
927 3183 1077 3232 doctissimos
1096 3185 1256 3231 Astronomce

262 3265 334 3300 nemo
353 3250 470 3310 retulerit,
489 3267 546 3299 cum
562 3251 661 3313 ignarus
680 3252 753 3300 etiam
772 3250 846 3298 fuerit
865 3264 949 3296 earum
968 3263 1057 3306 rernm,
1077 3263 1137 3310 quas
1153 3248 1255 3311 posteris

262 3316 369 3364 carmine
379 3316 511 3379 proposuit.
545 3316 638 3375 Cicero,
649 3317 691 3364 lib.
701 3317 722 3364 I.
735 3316 764 3364 de
775 3316 842 3363 Orat.
858 3313 955 3363 Etmr'm
965 3316 986 3361 sr'
997 3319 1088 3361 emutat
1097 3317 1160 3360 inter
1169 3313 1255 3371 doctas,

262 3381 379 3429 hommem
395 3384 505 3444 lyrarum
520 3378 657 3444 Astroloqloe
672 3382 829 3430 ornatIaer'mls
845 3385 916 3440 atque
932 3381 1025 3441 optr'mta
1040 3376 1145 3426 uersibus
1155 3377 1255 3425 Aratum

261 3446 291 3494 de
306 3447 362 3495 coelo
380 3447 499 3510 stellisque
517 3447 610 3494 ductam.
645 3446 737 3494 Ducere
748 3454 828 3494 autem
840 3459 937 3492 carmen
949 3444 979 3491 ad
990 3443 1132 3500 modestiam
1142 3443 1254 3504 pertInet,

261 3511 330 3559 velut
348 3527 397 3560 non
415 3512 500 3574 grandi
519 3511 599 3576 aliquo
618 3527 688 3575 opere
707 3511 749 3559 aed
767 3510 835 3558 suari
853 3508 895 3557 filo
912 3508 1051 3556 deducetur.
1084 3507 1145 3555 Vide
1157 3523 1211 3570 quae
1224 3507 1255 3556 ad

263 3576 428 3638 Cynegetioon
446 3576 588 3625 Nemesiani
606 3577 751 3626 notavimus.
784 3576 868 3623 Barth.
885 3573 986 3622 Advera.
1000 3572 1109 3621 XLVII.
1123 3574 1162 3621 18.
1195 3573 1254 3620 Non

260 3641 410 3704 periclitatur
423 3641 562 3690 Germanici
573 3642 698 3691 modestia.
731 3643 834 3689 Doctum
851 3640 918 3688 enim
936 3639 1031 3700 dicitur,
1050 3637 1165 3700 quicquid
1183 3638 1253 3700 inge·

260 3707 332 3756 nium
342 3706 440 3769 aliquod
453 3707 564 3755 ostendit.

224 3813 233 3833 ..
295 3773 317 3820 8.
335 3771 485 3820 Cumveteri
501 3770 788 3820 libroscribendnmest:
806 3771 887 3830 Quave
904 3770 979 3818 Artes.
1012 3767 1048 3816 Et
1057 3766 1109 3830 ipse
1119 3767 1154 3815 sic
1165 3783 1252 3830 supra:

263 3835 318 3893 Qun
328 3838 364 3886 sol
372 3837 491 3886 ardentem
503 3839 619 3886 Cunerum
628 3838 792 3900 rapidissimus
802 3835 885 3886 ambit.
918 3834 1003 3883 Barth.
1020 3833 1122 3882 Adsere.
1141 3831 1252 3884 XLVII.

294 3967 316 4015 9.
335 3967 467 4016 Praesidem
474 3983 555 4016 rerum
564 3967 727 4017 humanarum
733 3963 1024 4030 Augustumvocatvelut
1034 3963 1143 4012 Deorum
1153 3963 1253 4012 immor·

261 4030 349 4080 talium
360 4033 439 4082 vicem
448 4033 475 4081 in
486 4033 555 4082 terris
564 4041 695 4096 gerentem.
728 4031 768 4081 Sic
779 4031 882 4091 Plinius,
892 4031 935 4079 lib.
946 4029 1008 4078 VII.
1025 4045 1046 4078 c.
1059 4029 1089 4077 16
1099 4046 1105 4076 z
1122 4027 1200 4078 Fuere
1209 4028 1253 4078 sub

260 4097 314 4146 dim
324 4099 431 4162 Auquctc
440 4099 553 4162 smaipede
563 4098 652 4158 addito,
669 4113 767 4161 quorum
778 4113 875 4161 corporo
887 4097 937 4160 ejus
946 4095 1057 4145 miraculi
1070 4096 1151 4158 qratia
1160 4097 1186 4142 r'u
1196 4109 1252 4142 em-
