2868 4848
611 581 765 628 scnonrs.
1142 565 1185 630 47

189 721 251 784 bus
265 719 381 784 claram
395 741 503 802 unam,
517 721 553 784 in
567 721 670 806 capite
682 723 781 787 claras
796 721 885 801 duas,
901 721 960 785 sub
976 720 1057 785 collo
1072 743 1182 802 unam,

189 807 225 870 in
236 817 364 890 pectore
379 806 468 886 duas,
484 807 518 870 in
533 808 692 871 anteriore
714 809 796 894 pede
812 829 920 888 unam,
944 807 978 870 in
1004 809 1186 874 summitate

190 893 291 976 ipsius
305 892 395 976 pedis
409 914 518 969 unam,
534 893 568 956 in
584 893 677 958 dorso
690 905 823 978 septem,
846 893 881 956 in
895 905 1006 956 ventre
1054 894 1108 956 uin
1132 917 1185 973 ue,

189 979 226 1042 in
241 978 350 1042 caudae
366 980 571 1042 extremitate
583 979 680 1042 claras
696 979 783 1044 duas.
829 977 914 1044 Sunt
925 915 1119 1044 omnesqu
1155 981 1184 1045 Ι.

236 1062 338 1127 Porro
354 1063 545 1146 Sagittarius
561 1063 735 1149 Scorpione
751 1065 874 1128 oriente
889 1065 1042 1145 ascendit,
1057 1087 1121 1150 quo
1136 1089 1186 1130 es·

191 1150 348 1212 cendante
370 1148 471 1213 Orion
497 1150 612 1213 occidit
635 1160 733 1229 totus,
757 1161 790 1213 et
816 1149 964 1235 Cepheus
979 1151 1129 1214 avertice
1153 1161 1186 1217 et

190 1234 333 1298 humeris
348 1257 421 1299 cum
436 1235 594 1314 manibus,
615 1236 650 1298 in
666 1237 755 1322 cujus
777 1235 860 1318 signi
884 1235 1014 1318 regione
1038 1236 1186 1300 zodiacus

191 1321 328 1384 circulus
342 1319 539 1384 humillimus
554 1333 604 1385 est
622 1333 753 1405 propter
766 1321 883 1406 equina
897 1341 998 1384 crura.
1045 1321 1186 1396 Quidam

192 1418 324 1489 negant,
345 1406 497 1486 dicentes,
520 1427 685 1492 nunquam
697 1405 877 1472 Centauros
887 1405 966 1470 ullis·
973 1406 1097 1489 sagittis
1112 1429 1186 1472 usos

190 1492 299 1556 fuisse.
345 1491 485 1557 Quidam
500 1505 607 1556 autem
622 1493 743 1572 dicunt,
752 1493 839 1578 quod
848 1493 1028 1577 quadrupes
1040 1515 1108 1556 esse
1121 1514 1187 1558 non

191 1578 347 1654 videatur,
371 1577 428 1640 sed
445 1578 633 1662 stans-bipes
650 1579 843 1660 sagittarius.
889 1577 953 1641 Hic
969 1588 1076 1642 autern
1091 1578 1187 1642 homo

192 1664 319 1748 equinis
339 1663 473 1746 pedibus
488 1675 548 1745 est,
570 1675 604 1727 et
618 1663 749 1727 caudam
770 1664 868 1728 habet
893 1663 993 1726 veluti
1018 1664 1185 1748 sagittarii.

192 1747 360 1814 Sositheus
374 1760 493 1827 autem,
516 1749 745 1834 tragoediarum
769 1750 914 1832 scriptor,
935 1748 1026 1812 illum
1049 1749 1187 1814 affirmat

191 1857 260 1898 esse
278 1834 461 1911 Crotonem,
477 1834 662 1918 Euphemes
686 1835 855 1898 Musarum
870 1834 1002 1898 nutricis
1016 1833 1131 1911 filium,
1153 1846 1188 1899 et

191 1919 388 1985 inhabitasse
405 1918 606 1998 Heliconem,
631 1933 727 2006 atque
744 1920 868 2003 sagittis
891 1933 926 1984 et
947 1930 1065 1984 venatu
1088 1919 1187 1985 vitam

192 2006 349 2089 exegisse,
366 2006 423 2091 qui
442 2006 527 2070 inter
551 2005 663 2070 Musas
686 2005 802 2090 saepius
826 2017 1049 2085 commoratus,
1071 2004 1186 2089 plausu

192 2103 305 2156 cantus
331 2113 440 2155 earum
459 2091 687 2176 distinguebat,
708 2093 742 2155 id
766 2101 815 2154 est
836 2091 876 2154 ad
922 2091 1015 2154 edem
1038 2091 1185 2156 menibus

191 2175 376 2262 plaudebat,
407 2199 471 2263 quo
495 2177 549 2241 alii
572 2178 732 2241 timerent.
778 2176 878 2240 Hunc
941 2195 1008 2239 usae
1031 2177 1186 2241 beneficio

192 2263 281 2328 Jovis
296 2263 387 2328 astris
401 2264 591 2340 intulerunt,
608 2264 698 2348 cujus
713 2274 807 2341 artes,
823 2263 857 2325 id
869 2271 919 2326 est
933 2263 1062 2346 plausus
1083 2272 1117 2325 et
1136 2285 1187 2327 sa·

193 2350 297 2440 gittae,
323 2349 408 2412 inter
432 2349 580 2436 mortales
607 2371 763 2414 mansere.
807 2347 957 2430 Nigidius
981 2348 1020 2411 de
1045 2347 1186 2412 Crotone

191 2435 278 2498 idem
293 2434 379 2510 dicit,
395 2431 452 2498 sed
466 2456 532 2498 non
546 2445 766 2499 conversatum
786 2453 860 2497 cum
882 2431 1008 2510 Musis;
1032 2434 1088 2497 sed
1110 2428 1187 2497 dum

191 2519 256 2584 illae
278 2530 388 2584 cantus
404 2521 579 2606 chorosque
602 2520 811 2596 celebrarent,
832 2519 919 2582 hunc
941 2519 1052 2612 procul
1074 2519 1186 2583 auditu

194 2606 365 2690 repentino
379 2606 494 2691 plausu
508 2607 548 2670 ad
563 2605 678 2690 pedem
692 2606 835 2670 feriendo
850 2603 1009 2669 oblectare
1024 2609 1185 2682 canentes,

195 2692 236 2755 ob
251 2692 311 2756 hoc
326 2713 399 2770 curn
414 2715 433 2755 a
447 2690 525 2756 Jove
540 2691 711 2755 immortali
721 2691 876 2755 memoria
885 2709 994 2754 aarum
1004 2700 1119 2774 rogatu
1130 2691 1187 2754 do-

195 2777 416 2926 natumppuod
429 2787 513 2842 esset
524 2776 656 2841 nutricis
670 2799 779 2841 earum
793 2777 887 2855 filine,
897 2776 983 2840 idem
996 2775 1118 2840 Oceani
1129 2798 1187 2839 ne-

193 2885 263 2948 pos.
346 2864 421 2927 abet
435 2874 541 2926 autern
558 2863 677 2941 stellas,
689 2863 724 2926 in
738 2862 842 2946 capite
857 2863 946 2942 duas,
959 2862 995 2924 in
1009 2883 1084 2925 arcu
1097 2862 1188 2942 duas,

193 2949 228 3012 in
240 2949 386 3013 acumine
401 2950 528 3032 sagittae
543 2948 632 3027 duas,
645 2948 679 3011 in
695 2949 810 3012 dextro
825 2948 935 3011 cubito
947 2967 1055 3024 unam,
1076 2948 1112 3011 in
1134 2970 1187 3011 aaa

193 3035 266 3099 dem
281 3056 377 3098 manu
392 3053 500 3111 unam,
516 3035 550 3098 in
564 3045 675 3098 ventre
691 3034 807 3098 claram
820 3055 928 3110 unam,
943 3033 978 3096 in
993 3033 1085 3116 spina
1097 3033 1189 3112 duas,

192 3121 253 3184 sub
263 3121 362 3184 cauda
372 3121 461 3199 duas,
471 3120 506 3183 in
518 3118 731 3184 anterioribus
741 3119 895 3204 geniculis
906 3119 1056 3202 singulas.
1102 3119 1188 3183 Sunt

192 3228 304 3270 omnes
319 3205 400 3270 XV.
446 3202 595 3291 Reliquae
604 3226 679 3268 vero
690 3218 823 3290 septem,
833 3205 946 3268 subter
956 3225 1057 3281 crure,
1069 3204 1187 3268 sir'rriles

216 3292 324 3356 uidem
337 3302 412 3356 sunt
426 3291 668 3376 posterioribus,
682 3311 754 3376 quae
770 3289 1073 3366 nonostenduntur,
1101 3290 1188 3374 quod

191 3313 375 3441 Centaurus
390 3377 511 3461 duplex
524 3378 583 3441 sit:
602 3376 745 3462 jaculum
761 3385 870 3440 autem
884 3377 964 3460 ejus,
989 3397 1033 3438 ex
1055 3395 1120 3460 quo
1138 3375 1188 3438 di-

192 3475 270 3527 cunt
285 3485 394 3527 omnes
410 3462 568 3547 Cyclopas
579 3462 620 3525 eb
636 3462 788 3546 Apolline
800 3461 997 3540 interfectos,
1020 3461 1077 3545 qui
1099 3460 1187 3524 Jovis

191 3548 327 3613 fulmina
341 3548 493 3629 fecerant,
516 3548 737 3613 obsconditum
759 3547 862 3611 fertur
882 3547 922 3610 ad
936 3546 1130 3631 aquilonem,
1154 3556 1188 3610 et

190 3646 331 3719 peracta,
346 3657 381 3698 ac
393 3634 501 3718 potius
517 3634 626 3698 sedata
648 3634 718 3714 lite,
740 3643 950 3716 assumptum,
972 3642 1007 3696 et
1030 3632 1187 3716 adpedes

191 3715 348 3805 sagittarii
370 3716 456 3784 inter
469 3730 554 3784 astra
572 3719 770 3785 collocatum.
816 3717 928 3782 Habet
947 3719 1057 3783 autem
1080 3717 1187 3780 stellas

191 3817 339 3892 quatuor,
353 3806 387 3868 in
402 3827 526 3870 summo
537 3827 645 3883 unam,
661 3805 696 3868 in
711 3804 816 3869 medio
831 3805 999 3869 obscuram
1021 3823 1129 3882 unam,
1152 3803 1188 3866 in

190 3892 305 3976 pennis
320 3891 409 3972 dues,
423 3913 521 3955 unam
533 3913 609 3959 vero
623 3889 875 3976 splendidioremv
884 3890 965 3955 aliis.
1181 3887 1184 3896 ’

233 3971 386 4065 Aquilam
400 3999 475 4043 sane
497 3977 683 4041 interam
705 3976 890 4041 collocatam
913 3976 1035 4054 dicunt,
1054 3981 1189 4057 propter

192 4063 416 4150 Ganymedem
434 4062 524 4130 Jovis
540 4057 732 4144 ministrum,
756 4081 852 4149 quem
877 4061 985 4147 rapuit
1004 4061 1039 4125 in
1062 4058 1186 4124 caelum.
