2868 4848
206 545 223 594 ll
668 559 745 596 sora

223 685 262 798 bd.
283 681 377 797 gaique]
397 683 450 734 AB.
470 683 520 746 (hic
538 699 553 733 s
571 699 619 734 sec.
642 685 685 745 m.)
703 699 829 750 s.-queue
847 683 950 749 B.apr.
970 699 1003 735 m.
1021 684 1073 734 ΕΡ.
1087 688 1208 752 (-quaue

205 763 223 813 Β
239 749 264 862 9).
284 811 372 876 Parta]
384 813 631 878 BEGPgsb.-tauta
643 818 673 863 Α.
683 821 708 863 et
719 814 753 862 sic
766 829 885 878 superscr.
896 813 922 862 in
934 815 1056 864 B.-olt.

241 880 279 928 10.
297 879 351 928 lmc
362 893 418 928 vero
428 894 502 928 nares
514 879 583 938 mari,
599 885 625 928 et
634 880 704 930 terris
715 879 848 928 cultorem:
862 879 929 927 Nota
938 880 1023 944 ligura.
1043 878 1119 944 drea]
1134 880 1209 930 Ama

206 943 280 992 habet
296 941 493 1007 Mannscriptus:
518 959 577 992 area
595 944 696 1007 vulgati.
730 945 792 993 Puto
803 943 934 1008 legendum
949 952 974 993 et
991 945 1206 1008 distinguendum:

207 1007 236 1056 Si
247 1023 295 1056 noa
308 1017 381 1072 parta
392 1011 467 1074 quies,
484 1017 506 1058 te
515 1009 620 1072 preside,
634 1007 753 1074 puppibus
765 1025 851 1074 equor,
871 1009 1010 1072 Culters'que
1027 1010 1094 1057 daret
1111 1010 1209 1059 terras?

204 1075 290 1136 procul
299 1089 358 1122 arua
367 1073 468 1122 stema
501 1075 629 1136 Conjunge
646 1074 814 1138 praecedentia.
853 1074 944 1122 Sensus
961 1081 1013 1122 est:
1031 1074 1099 1126 Quid
1109 1083 1210 1138 possent

207 1138 402 1202 (Manuscriptus
420 1139 486 1187 enim
498 1145 599 1202 possem,
617 1141 765 1202 nonpossint
776 1137 859 1198 babet)
877 1139 1036 1188 solstitiorum
1047 1147 1073 1188 et
1084 1141 1208 1203 aeqninoc·

208 1204 298 1252 tiorum
318 1203 475 1266 cognitiones,
494 1205 542 1252 nisi
560 1219 606 1266 pax
625 1211 648 1252 te
666 1213 750 1253 sutore
769 1203 825 1252 dete
844 1203 986 1252 concederet
997 1205 1078 1252 nautis
1089 1221 1164 1264 mare,
1184 1212 1209 1254 et

209 1275 298 1317 terram
309 1268 402 1317 colonis
414 1275 466 1316 tuto
477 1268 660 1332 usurpandam?
694 1269 824 1316 Sanearra
836 1268 981 1331 squalerent
1017 1269 1072 1317 Hoc
1089 1271 1155 1317 enim
1172 1277 1209 1318 est

208 1334 303 1382 sturme
314 1333 401 1398 poitis.
441 1333 575 1396 Conjungit
585 1341 671 1382 nautas
682 1341 705 1382 et
717 1333 823 1391 colonos,
839 1349 943 1397 quorum
954 1341 1113 1396 utrorumque
1125 1335 1209 1383 usibus

209 1398 311 1446 inservit
321 1398 484 1448 Astronomis.
518 1398 584 1447 Eine
596 1399 687 1446 Aratus
698 1399 781 1446 stellas
792 1397 852 1446 alias
864 1399 922 1446 lacit
934 1398 1051 1461 Neptuni,
1062 1399 1122 1447 alias
1133 1399 1209 1458 Jovia,

209 1462 275 1528 quod
285 1477 329 1512 nos
341 1463 524 1527 explicavimus.
556 1462 591 1512 Et
601 1463 725 1526 aptissime
737 1463 767 1512 sd
775 1479 826 1511 rem
837 1464 970 1526 conjungit,
981 1464 1039 1526 quia
1047 1471 1102 1512 ente
1117 1468 1210 1526 Augus-

210 1535 265 1577 tum
283 1543 333 1576 uon
351 1534 446 1577 tantum
465 1533 529 1576 terra
546 1528 665 1576 militibus
678 1529 821 1587 vastabatur,
841 1529 884 1576 sed
901 1534 927 1576 et
945 1543 1012 1576 mare
1023 1529 1106 1593 piratis
1118 1530 1211 1578 obside-

209 1593 288 1642 batur.
315 1593 403 1642 Gaor.
429 1591 543 1641 Veterem
554 1592 818 1642 distinctionemnolim
828 1593 926 1642 mutari.
959 1593 1211 1642 Namexdelectibus

210 1657 381 1708 &manorum
400 1673 443 1721 per
461 1673 487 1706 se
504 1658 563 1706 satis
581 1657 734 1721 intelligitur,
755 1657 860 1706 cultores
876 1665 947 1706 terrae
964 1658 1068 1706 defuisse
1079 1659 1136 1706 belli
1147 1667 1210 1707 tem-

210 1723 324 1786 poribus:
349 1738 427 1785 neque
438 1722 523 1786 procul
539 1729 642 1780 tantum,
661 1722 704 1771 sed
721 1723 876 1771 interioribus
892 1723 967 1771 etiem
988 1724 1090 1771 Romani
1111 1724 1212 1786 Imperii

210 1787 357 1850 regionibus.
391 1787 493 1836 Ovidius
509 1787 601 1836 Fertor.
621 1788 661 1836 lib.
677 1788 696 1836 i.
717 1795 776 1836 extr.
809 1788 880 1836 Bella
896 1788 938 1836 diu
953 1793 1047 1836 tenuere
1063 1792 1142 1836 uiros:
1160 1795 1213 1837 md

211 1855 292 1916 aptior
312 1856 374 1902 ensis
390 1852 501 1901 Vomerc:
528 1852 622 1901 cedebat
643 1858 725 1900 taunu
746 1857 829 1900 arator
850 1868 916 1916 equo.
960 1853 1062 1901 Sarcula
1082 1853 1211 1912 cessabant,

211 1920 320 1981 versique
337 1923 363 1966 a'n
376 1919 430 1982 pila
446 1919 550 1981 ligones:
566 1916 688 1982 Factaque
699 1916 728 1965 de
739 1919 811 1965 rastri
821 1918 923 1979 paudere
934 1921 1005 1966 caesia
1015 1925 1072 1966 erat.
1108 1917 1211 1981 Procsd]

211 1979 238 2030 id
245 1983 479 2042 estsimilitesuein
487 1983 600 2032 extremis
607 1983 798 2045 quidemlinibus
805 1981 1213 2045 imperiiRomeniquisoerentsed

212 2045 284 2096 bellis
299 2047 568 2161 iqqplicidzcllpciumnt
579 2055 604 2096 et
615 2045 1065 2110 solicitarentur.-SCH.—Amso]
1077 2047 1212 2111 ABEGgs.

212 2127 305 2160 -crua
359 2114 415 2161 b.-
468 2146 475 2160 .

251 2178 290 2224 11.
307 2174 471 2239 Nsorcuacat]
491 2177 525 2226 ita
543 2177 599 2225 MS.
615 2176 724 2224 Pessime
735 2175 793 2225 editi
805 2176 876 2224 libri:
896 2174 968 2224 Nunc
983 2181 1052 2224 vocat
1070 2179 1170 2226 audaces
1187 2180 1214 2226 s'n

217 2242 299 2289 crelam
315 2244 395 2291 tollere
413 2243 498 2291 vultus.
533 2241 647 2290 Imitetur
662 2241 776 2299 Auienus,
789 2257 810 2289 v.
824 2243 864 2290 73.
896 2243 955 2290 Jam
967 2243 1088 2304 placella
1104 2258 1215 2304 supusun

215 2307 279 2354 uuus
289 2308 410 2355 sustollere
420 2309 509 2356 carlum.
544 2307 652 2370 Sequens
669 2321 753 2354 versus
770 2307 804 2353 ite
820 2313 951 2368 conceptue
968 2307 994 2354 in
1013 2306 1130 2368 vulgetis:
1148 2307 1214 2356 Side-

214 2386 288 2434 rcqrte
303 2377 327 2419 et
343 2375 424 2420 varios
440 2373 491 2420 coeli
507 2387 641 2435 cognoscere
658 2378 743 2419 motus.
777 2373 861 2422 Varios
879 2378 955 2419 nectua
972 2371 1078 2435 appellat
1096 2375 1215 2420 coelorum

216 2443 242 2484 et
259 2434 379 2485 siderumr
405 2437 540 2499 dequibus
560 2437 612 2501 ipse
632 2435 704 2484 alibi:
725 2435 836 2484 Omnibus
854 2437 995 2498 bisgemini
1012 2442 1095 2494 nectus,
1114 2452 1215 2500 quemnam

216 2502 278 2548 alter
292 2498 397 2564 adipeis
416 2501 531 2550 Nascitur
546 2507 568 2548 et
581 2503 692 2564 proprios
707 2501 807 2549 ostendit
821 2502 902 2549 sidera
917 2504 989 2548 uiues.
1026 2503 1216 2550 Tuncmundum

215 2564 315 2614 subcunt
329 2568 390 2614 lente
397 2567 473 2629 pede:
489 2570 594 2615 concitus
603 2567 665 2614 alter
679 2565 768 2614 lucitas
778 2569 850 2627 rapit,
867 2571 889 2612 et
901 2567 954 2614 eceli
965 2568 1116 2614 circumrorat
1127 2565 1215 2614 orbem.

218 2631 270 2678 Ga.
300 2630 417 2694 Audaces]
443 2631 510 2684 Quia
528 2631 607 2679 sidere
625 2631 658 2677 dii
677 2631 834 2688 habebantur,
857 2631 957 2679 audacia
973 2631 1086 2692 quaedem
1106 2638 1164 2690 eret,
1186 2647 1216 2678 ee

216 2695 336 2744 curiosius
351 2697 450 2744 intueri.
484 2696 539 2744 Vid.
552 2696 660 2744 Mucrcb.
673 2695 755 2744 Somn.
767 2696 831 2758 Scip.
843 2695 884 2743 lib.
897 2695 913 2743 i.
925 2711 947 2744 c.
963 2697 1000 2744 14.
1034 2695 1150 2744 Martieni
1167 2697 1215 2743 Ca·

216 2760 288 2824 pellae
305 2761 347 2808 lib.
358 2761 383 2809 ii.
397 2760 426 2808 de
438 2768 505 2826 nupt.
519 2761 607 2810 Philcl.
618 2776 673 2823 pag.
685 2763 724 2809 38.
767 2760 838 2809 Ovid.
857 2760 922 2808 Fest.
934 2760 1021 2808 libili.
1034 2762 1088 2808 112.
1127 2760 1217 2823 Aquas-

217 2841 268 2873 cere
284 2826 372 2884 metus)
389 2827 479 2889 quippe
492 2827 544 2888 jam
562 2842 577 2873 a
593 2825 713 2874 veteribus
731 2825 884 2887 Philosophis
901 2824 1217 2888 descriptos—SCR—

223 2889 294 3002 quat
304 2891 333 2939 P.
344 2891 438 2952 (eontra
449 2891 509 2940 Cdd.
521 2891 608 2951 meos.)
618 2891 717 2939 audacis
727 2890 783 2938 ΑΕ.
796 2890 873 2954 (lbid)
884 2893 915 2938 ad
925 2889 1018 2953 calum]
1037 2890 1147 2952 BEGgs.
1159 2893 1185 2937 in
1196 2906 1217 2939 c.

252 3021 290 3067 12.
308 3019 399 3068 Mundi
411 3018 501 3084 curios]
515 3019 643 3082 ABEGgs.
661 3023 740 3068 varios
751 3021 801 3068 cccli
811 3021 919 3068 b.-0m.
937 3020 1020 3068 mundi
1032 3019 1062 3068 P.
1071 3018 1156 3082 (Ibid.)
1166 3035 1217 3082 coq-

217 3083 426 3198 nolcglelldlglitbs
438 3083 785 3212 iltqnvorllglsliff-erlll-algllus
795 3152 853 3198 vitet
863 3155 952 3197 arator.
990 3149 1042 3197 Nos
1058 3149 1217 3210 manuscripti

217 3213 348 3263 lectionem
366 3215 498 3277 sequimur.
538 3213 880 3263 Giton-SCM—-Scttus
899 3212 979 3277 υὶιιει]Ι
991 3214 1143 3276 ABEGgsb.
1160 3216 1218 3261 uitet

218 3281 299 3327 doctus
311 3279 449 3328 FP.-—OR.

253 3347 290 3392 14.
309 3344 403 3392 Plinius
415 3343 483 3391 xviii.
501 3359 521 3391 c.
540 3345 580 3392 24.
600 3359 675 3406 quum
695 3343 724 3392 de
744 3349 851 3392 semente
869 3342 965 3390 locutus
981 3349 1053 3400 esset,
1071 3342 1163 3406 pergit:
1181 3341 1219 3388 Et

218 3409 376 3472 confitendum
394 3415 436 3467 est,
455 3410 510 3456 coelo
527 3411 629 3458 mxime
647 3417 752 3458 constare
769 3425 812 3456 ea:
830 3411 914 3470 quippe
933 3407 1031 3470 Virgilio
1042 3407 1141 3469 jubente
1155 3423 1217 3469 prc-

218 3475 278 3522 discd
291 3482 371 3522 uentos
383 3480 437 3522 ante
449 3475 528 3521 omnia
545 3489 573 3521 ac
589 3474 667 3521 sidera
683 3481 766 3528 motus,
783 3489 858 3534 neque
875 3474 945 3520 aliter
961 3487 1033 3536 quam
1050 3472 1219 3534 ncuiqautibus

218 3542 316 3588 auvari.
348 3539 466 3601 Virgilius
484 3539 572 3601 Georg.
591 3540 607 3586 i.
626 3554 650 3587 v.
662 3541 718 3587 204.
751 3537 869 3586 Praetcrea
888 3543 936 3584 tam
953 3544 1008 3586 sunt
1026 3537 1123 3586 Arcturi
1140 3537 1219 3584 sidera

218 3604 287 3652 uobis
303 3605 476 3668 Haedorumque
495 3605 544 3651 dice
561 3605 679 3660 seruandi,
699 3620 728 3652 ac
745 3603 836 3653 lucidus
857 3601 967 3664 :iugum
996 3601 1073 3658 Quam
1091 3601 1175 3666 quibus
1193 3605 1219 3648 in

215 3673 323 3732 patriam
340 3677 435 3718 vcutoea
450 3685 496 3732 per
515 3684 608 3732 equora
629 3671 701 3716 vectis
717 3667 809 3716 Pontus
831 3674 853 3716 ct
872 3667 976 3726 ostriferi
988 3668 1076 3728 fauces
1097 3672 1219 3714 tentamur
1286 3672 1297 3697 ¹

218 3734 414 3794 loven-scu.

254 3785 293 3848 l5.
311 3799 350 3846 Ita
366 3798 465 3860 vulgati.
486 3797 542 3846 MS.
560 3799 622 3846 latis.
641 3798 709 3859 Lego
726 3797 810 3845 Latiis.
829 3795 891 3844 nihil
902 3796 988 3844 verius.
1026 3795 1101 3858 Coqor
1112 3796 1177 3860 quod
1193 3795 1219 3842 in

220 3864 291 3912 editis
301 3863 398 3925 legitur,
410 3863 503 3911 nullius
513 3875 550 3911 est
560 3863 650 3925 pretii·
675 3863 761 3910 Giton.
795 3862 924 3912 Quomodo
935 3860 1053 3924 particula
1068 3861 1125 3909 Hac
1136 3861 1219 3908 locum

220 3929 260 3976 hio
272 3929 380 3977 invenire
391 3935 470 3991 quent,
488 3928 557 3975 docet
568 3927 721 3975 Tursellinus
733 3933 815 3975 noster
825 3943 877 3989 cap.
890 3926 929 3983 77,
942 3942 967 3974 n.
981 3926 1018 3982 17,
1031 3941 1054 3988 p.
1067 3928 1123 3974 419.
1147 3926 1218 3973 laetis

220 3993 408 4053 estfirvcutibue,
425 4009 482 4040 nam
494 4001 518 4040 et
529 4008 586 4040 mox
598 4008 689 4040 numen
701 3999 738 4039 est
748 3992 815 4040 lavor
826 3993 960 4039 Musarum.
996 3991 1052 4038 Nisi
1064 3990 1124 4038 forte
1134 4005 1219 4037 nomeu

219 4059 253 4106 ibi
267 4059 316 4121 legi
328 4059 407 4117 melis,
425 4059 488 4120 quod
503 4073 551 4106 non
563 4055 896 4120 puto.-SCH.-Latiis]
915 4055 947 4104 A.
965 4055 1063 4104 firmans
1074 4071 1097 4118 g.
1111 4056 1173 4117 conj.
1192 4056 1213 4103 b.
