2868 4848
268 541 311 606 48
692 559 846 606 senemr.

268 703 331 768 Est
345 701 480 766 enimes
493 699 619 784 signum
634 698 733 778 Jovis,
748 699 921 786 quodcum
936 697 980 762 dii
995 721 1105 764 omnes
1119 699 1262 764 volucres

268 790 355 853 inter
370 811 404 852 se
419 786 608 863 dividerent,
624 809 694 850 eam
709 785 743 848 in
757 785 905 870 portione
920 784 1052 850 sortitus
1067 785 1109 849 sit
1124 786 1262 871 Jupiter,

269 874 356 959 quod
370 873 465 937 altius
480 871 602 936 cunctis
616 871 796 936 volantibus
812 871 926 948 evolet,
943 882 976 935 et
996 893 1079 956 pene
1094 871 1181 936 inter
1195 895 1262 935 om-

269 982 326 1024 nes
338 958 553 1044 principatum
569 967 689 1035 teneat,
711 968 745 1020 et
760 957 848 1043 quod
862 956 927 1020 sola
941 957 1047 1022 avium
1063 957 1145 1020 Solis
1165 958 1261 1020 radiis

268 1067 333 1110 non
356 1053 523 1109 terreatur.
578 1041 728 1127 Namque
743 1043 790 1106 ita
804 1051 854 1106 est
868 1053 1015 1126 spectans
1039 1043 1079 1106 ad
1103 1043 1261 1107 orientem

265 1129 381 1215 pennis
405 1129 514 1192 tensis.
560 1127 795 1211 Aglaosthenes
819 1127 896 1192 dicit
920 1125 1033 1190 Jovem
1056 1128 1091 1190 in
1121 1128 1261 1213 aquilam

267 1215 528 1298 transfiguratum
560 1213 701 1277 Naxiam
723 1213 887 1296 regionem
910 1212 967 1275 ubi
990 1213 1131 1277 nutritus
1154 1215 1262 1278 fuerat

266 1301 409 1386 petiisse,
430 1310 464 1362 et
483 1320 618 1378 regnum
638 1297 805 1382 accepisse.
852 1298 987 1382 Egresso
1008 1321 1082 1362 vero
1102 1299 1141 1362 de
1161 1299 1261 1364 Naxo

266 1407 339 1450 cum
355 1385 502 1450 adversus
516 1383 649 1448 Titanas
668 1384 932 1468 proficisceretur,
954 1396 987 1448 et
1006 1384 1194 1448 sacrificium
1211 1386 1261 1449 fa-

265 1482 364 1551 ceret,
375 1469 512 1555 aquilam
524 1469 553 1533 ei
564 1469 599 1532 in
608 1469 746 1554 auspicio
756 1470 950 1555 apparuisse,
962 1479 996 1534 et
1008 1469 1140 1533 fulmina
1150 1471 1261 1535 minis·

264 1557 377 1634 trisse,
391 1577 486 1640 quam
499 1555 585 1618 bono
594 1555 700 1631 omine
706 1566 868 1639 acceptam
878 1555 988 1618 tutelae
999 1577 1066 1619 snae
1075 1556 1258 1640 subjecisse.

267 1643 379 1707 Habet
393 1652 502 1706 autem
517 1639 635 1719 stellas,
648 1641 683 1703 in
699 1641 802 1724 eapite
816 1640 932 1704 claram
946 1663 1054 1720 unam,
1068 1641 1103 1704 in
1118 1641 1259 1706 humeris

266 1727 401 1812 siugulis
428 1727 549 1790 alarum
573 1726 723 1810 singulas,
748 1726 783 1790 in
807 1736 936 1810 pectore
960 1726 1125 1790 obscuram
1148 1748 1257 1792 unam.

266 1813 351 1878 Sunt
377 1835 487 1877 omnes
507 1823 654 1897 quatuor.
713 1811 840 1896 Sagitta
855 1823 973 1888 autem,
995 1833 1092 1897 qnam
1115 1822 1207 1877 tenet
1224 1814 1259 1876 in

263 1900 411 1983 pedibus,
425 1897 542 1961 dicitur
552 1897 669 1980 sagitta
682 1895 841 1981 Apollinis
857 1897 964 1976 fnisse,
979 1918 1050 1960 cum
1066 1920 1129 1983 qua
1142 1897 1258 1981 Cyclo-

265 2007 321 2068 pas
336 1983 507 2060 interfecit,
524 2005 562 2046 eo
578 1983 663 2068 quod
677 1981 919 2046 Jovis¹fulmina
938 1983 1090 2060 facerent,
1112 1985 1199 2068 quod
1219 2008 1257 2048 eo

266 2069 330 2134 telo
346 2069 550 2153 AEsculapius
565 2069 633 2154 ejus
643 2068 726 2132 filius
739 2091 758 2132 a
769 2068 847 2132 Jove
860 2068 1148 2149 essetinterfcctus,
1160 2091 1258 2156 quam

264 2156 412 2239 sagittam
423 2155 515 2219 astris
525 2155 646 2218 illatam
657 2155 691 2218 in
702 2154 887 2218 memoriam
897 2154 1024 2218 virtutis
1036 2178 1102 2218 suae
1113 2156 1255 2241 reliquit.

265 2240 378 2306 Habet
392 2251 499 2305 autem
515 2240 620 2304 stellas
635 2251 783 2325 quatuor,
796 2239 832 2302 in
848 2262 971 2304 summo
986 2262 1093 2318 unam,
1105 2241 1140 2304 in
1150 2243 1256 2306 medio

264 2349 372 2407 unam,
385 2326 420 2389 in
434 2327 549 2410 pennis
561 2326 688 2410 sagittae
702 2325 790 2390 duas.

307 2413 492 2497 Neptunus,
505 2422 543 2474 ut
557 2411 780 2476 Artemidorus
795 2409 904 2488 refert,
920 2412 1142 2496 Amphitriten
1155 2413 1257 2478 voluit

262 2500 297 2563 in
312 2498 495 2584 conjugium
510 2498 663 2582 accipere,
679 2519 752 2582 quae
772 2519 843 2560 eum
857 2498 899 2561 ob
914 2498 1112 2562 verecundiae
1134 2501 1256 2583 magni-

263 2585 407 2648 tudinem
423 2594 456 2648 et
474 2583 665 2665 virginitatis
688 2583 921 2646 observantiam
936 2583 976 2646 ad
992 2584 1157 2648 Atlantem
1179 2608 1255 2649 con-

262 2671 406 2754 fugisset,
423 2669 597 2755 Neptunus
611 2680 684 2754 post
699 2691 768 2732 eam
784 2669 900 2732 multos
915 2669 1012 2746 misit,
1032 2670 1087 2754 qni
1109 2692 1179 2733 eam
1198 2695 1254 2755 pe-

262 2766 380 2830 terent,
390 2756 475 2819 inter
489 2776 568 2839 quos
580 2766 613 2819 et
625 2755 823 2838 Delphinum
835 2753 945 2838 [misit
957 2755 1013 2839 qui
1022 2778 1092 2819 eam
1103 2757 1254 2840 peteret]

263 2842 347 2908 Quae
363 2863 435 2905 cum
450 2841 532 2904 circa
545 2841 663 2904 insulas
678 2839 822 2904 Atlantis
836 2854 1025 2920 moraretur,
1038 2841 1158 2924 reperit
1172 2864 1253 2922 eam,

260 2927 485 3012 nunciavitque
502 2926 669 3009 Neptuno,
686 2948 780 3012 quam
795 2925 849 2988 ille
865 2925 929 2988 suis
944 2927 1200 3009 persuasionibus
1215 2928 1256 2992 ad
1349 2977 1352 2982 Α

260 3035 350 3078 suam
366 3012 520 3097 perduxit
533 3012 742 3088 voluntatem,
765 3009 992 3096 Delphinoque
1016 3014 1173 3076 maximos
1197 3013 1254 3077 ho-

259 3121 353 3162 nores
369 3099 404 3161 in
416 3098 496 3164 mari
507 3097 632 3175 tribuit,
650 3119 745 3183 quern
760 3097 795 3160 in
810 3096 901 3159 astris
916 3097 1027 3160 intulit
1042 3107 1075 3160 et
1097 3098 1132 3160 in
1155 3120 1254 3164 manu

261 3206 318 3249 sua
331 3184 449 3248 habere
479 3183 631 3247 instituit.
679 3182 788 3246 Habet
811 3192 919 3246 autem
942 3183 1048 3246 stellas
1071 3205 1196 3264 novem,
1220 3197 1255 3250 et

258 3271 331 3334 ideo
346 3269 500 3334 musicum
515 3269 641 3353 signum
655 3269 781 3345 dicitur,
798 3291 835 3331 eo
851 3267 937 3353 quod
950 3268 984 3330 in
1000 3290 1132 3331 numero
1147 3291 1254 3334 muse-

259 3380 330 3420 rum
345 3355 452 3420 stellas
465 3354 574 3435 babet,
588 3356 623 3418 in
635 3377 688 3418 ore
700 3376 808 3434 unam,
821 3354 855 3416 in
866 3353 944 3417 solio
960 3354 1049 3433 duas,
1062 3354 1098 3416 in
1112 3354 1254 3437 pinnulis

258 3442 378 3506 ventris
394 3452 469 3517 trae,
484 3441 519 3503 in
534 3441 626 3504 dorso
637 3462 746 3517 unam,
758 3440 792 3503 in
803 3439 999 3503 caudaduas.
1046 3440 1130 3504 Sunt
1141 3463 1252 3505 omnes

258 3549 383 3592 novem.
429 3525 610 3610 Delphinus
639 3526 748 3591 autem
775 3548 842 3589 non
864 3525 1001 3589 multum
1030 3526 1129 3590 currit
1155 3547 1251 3611 supra

257 3611 307 3678 Ca
330 3613 498 3676 ricornum.

302 3636 412 3777 (gnon,
426 3699 525 3784 quiet
537 3697 645 3761 Incola
660 3697 786 3774 dicitur,
798 3707 873 3760 ente
885 3696 982 3761 Tauri
994 3697 1126 3780 vestigia
1135 3697 1251 3782 fulget,

257 3795 291 3848 et
301 3785 417 3848 dicitur
429 3785 542 3860 Orion,
554 3783 593 3846 ab
602 3784 705 3863 urina,
712 3783 746 3846 id
755 3794 803 3846 est
814 3783 853 3846 ab
862 3783 1072 3847 inundatione
1082 3806 1248 3869 equarum.

257 3870 414 3954 Tempore
429 3870 514 3933 enim
529 3868 642 3932 hiemis
657 3869 755 3933 habet
767 3880 884 3946 ertum,
906 3890 976 3932 eum
992 3891 1078 3932 mare
1094 3881 1128 3932 et
1148 3881 1250 3936 terras

256 3955 347 4041 aquis
358 3966 391 4018 et
405 3955 648 4038 tempestatibus
661 3955 779 4019 turbat.
830 3953 924 4017 Hunc
940 3954 1079 4018 Romani
1094 3954 1115 4016 J
1115 3957 1247 4040 ugulam

256 4051 380 4122 vocant,
401 4041 541 4126 eoquod
560 4041 602 4106 sit
622 4051 772 4121 armatus,
791 4050 829 4104 ut
848 4041 972 4123 gladius
992 4040 1155 4106 stellarum
1178 4042 1249 4108 luce
