<?xml version="1.0" encoding="UTF-8"?>
<!DOCTYPE html PUBLIC "-//W3C//DTD XHTML 1.0 Transitional//EN"
    "http://www.w3.org/TR/xhtml1/DTD/xhtml1-transitional.dtd">
<html xmlns="http://www.w3.org/1999/xhtml" xml:lang="en" lang="en">
 <head>
  <title>
</title>
<meta http-equiv="Content-Type" content="text/html;charset=utf-8" />
  <meta name='ocr-system' content='tesseract 3.04.00' />
  <meta name='ocr-capabilities' content='ocr_page ocr_carea ocr_par ocr_line ocrx_word'/>
</head>
<body>
  <div class='ocr_page' id='page_1' title='image "./reliquiquextant00orelgoog_0051.png"; bbox 0 0 2868 4848; ppageno 0'>
   <div class='ocr_carea' id='block_1_1' title="bbox 268 569 858 638">
    <p class='ocr_par' dir='ltr' id='par_1_1' title="bbox 268 569 858 638">
     <span class='ocr_line' id='line_1_1' title="bbox 268 569 858 638; baseline 0.007 -5"><span class='ocrx_word' id='word_1_1' title='bbox 268 569 307 633; x_wconf 87' lang='grc'><strong>18</strong></span> <span class='ocrx_word' id='word_1_2' title='bbox 663 591 858 638; x_wconf 79' lang='lat' dir='ltr'><strong>orauarror</strong></span> 
     </span>
    </p>
   </div>
   <div class='ocr_carea' id='block_1_2' title="bbox 261 728 1265 2624">
    <p class='ocr_par' dir='ltr' id='par_1_2' title="bbox 264 728 1265 1677">
     <span class='ocr_line' id='line_1_2' title="bbox 266 728 1065 818; baseline 0.003 -24"><span class='ocrx_word' id='word_1_3' title='bbox 266 728 494 815; x_wconf 87' lang='lat' dir='ltr'><strong>Declivemque</strong></span> <span class='ocrx_word' id='word_1_4' title='bbox 511 730 642 796; x_wconf 88' lang='lat' dir='ltr'><strong>trahunt</strong></span> <span class='ocrx_word' id='word_1_5' title='bbox 656 731 770 796; x_wconf 81' lang='lat' dir='ltr'><strong>aeterni</strong></span> <span class='ocrx_word' id='word_1_6' title='bbox 784 733 926 818; x_wconf 88' lang='lat' dir='ltr'><strong>pondera</strong></span> <span class='ocrx_word' id='word_1_7' title='bbox 941 733 1065 811; x_wconf 90' lang='lat' dir='ltr'><strong>mundi,</strong></span> 
     </span>
     <span class='ocr_line' id='line_1_3' title="bbox 266 815 999 901; baseline -0.001 -19"><span class='ocrx_word' id='word_1_8' title='bbox 266 815 493 901; x_wconf 86' lang='lat' dir='ltr'><strong>Corruptaque</strong></span> <span class='ocrx_word' id='word_1_9' title='bbox 508 817 593 882; x_wconf 91' lang='lat' dir='ltr'><strong>cadit</strong></span> <span class='ocrx_word' id='word_1_10' title='bbox 608 817 718 898; x_wconf 83' lang='lat' dir='ltr'><strong>forma,</strong></span> <span class='ocrx_word' id='word_1_11' title='bbox 734 829 910 884; x_wconf 79' lang='lat' dir='ltr'>certaverat</span> <span class='ocrx_word' id='word_1_12' title='bbox 924 819 999 882; x_wconf 91' lang='lat' dir='ltr'><strong>olim</strong></span> 
     </span>
     <span class='ocr_line' id='line_1_4' title="bbox 266 901 1098 990; baseline 0.001 -21"><span class='ocrx_word' id='word_1_13' title='bbox 266 902 343 969; x_wconf 83' lang='lat' dir='ltr'><strong>Qua</strong></span> <span class='ocrx_word' id='word_1_14' title='bbox 359 903 443 966; x_wconf 87' lang='lat' dir='ltr'><strong>senis</strong></span> <span class='ocrx_word' id='word_1_15' title='bbox 458 904 600 988; x_wconf 82' lang='lat' dir='ltr'><strong>aequorei</strong></span> <span class='ocrx_word' id='word_1_16' title='bbox 613 904 707 982; x_wconf 90' lang='lat' dir='ltr'><strong>natis,</strong></span> <span class='ocrx_word' id='word_1_17' title='bbox 724 926 825 990; x_wconf 95' lang='lat' dir='ltr'><strong>quum</strong></span> <span class='ocrx_word' id='word_1_18' title='bbox 840 905 948 970; x_wconf 92' lang='lat' dir='ltr'><strong>littore</strong></span> <span class='ocrx_word' id='word_1_19' title='bbox 962 901 1098 970; x_wconf 84' lang='lat' dir='ltr'>Canchli</span> 
     </span>
     <span class='ocr_line' id='line_1_5' title="bbox 265 987 1265 1090; baseline 0.003 -36"><span class='ocrx_word' id='word_1_20' title='bbox 265 987 405 1054; x_wconf 81' lang='lat' dir='ltr'><strong>Doridos</strong></span> <span class='ocrx_word' id='word_1_21' title='bbox 420 999 453 1053; x_wconf 91' lang='lat' dir='ltr'><strong>et</strong></span> <span class='ocrx_word' id='word_1_22' title='bbox 469 989 617 1075; x_wconf 83' lang='lat' dir='ltr'><strong>Panopes</strong></span> <span class='ocrx_word' id='word_1_23' title='bbox 629 991 804 1090; x_wconf 75' lang='lat' dir='ltr'><strong>spectdsset</strong></span> <span class='ocrx_word' id='word_1_24' title='bbox 818 990 919 1056; x_wconf 85' lang='lat' dir='ltr'><strong>stulta</strong></span> <span class='ocrx_word' id='word_1_25' title='bbox 933 990 1072 1056; x_wconf 83' lang='lat' dir='ltr'><strong>choreas.</strong></span> <span class='ocrx_word' id='word_1_26' title='bbox 1216 995 1265 1048; x_wconf 82' lang='grc'><strong>676</strong></span> 
     </span>
     <span class='ocr_line' id='line_1_6' title="bbox 266 1073 952 1141; baseline 0.003 -3"><span class='ocrx_word' id='word_1_27' title='bbox 266 1073 328 1138; x_wconf 89' lang='lat' dir='ltr'><strong>Illa</strong></span> <span class='ocrx_word' id='word_1_28' title='bbox 342 1075 410 1140; x_wconf 89' lang='lat' dir='ltr'><strong>abit</strong></span> <span class='ocrx_word' id='word_1_29' title='bbox 426 1073 575 1141; x_wconf 89' lang='lat' dir='ltr'><strong>Oceano:</strong></span> <span class='ocrx_word' id='word_1_30' title='bbox 600 1087 700 1140; x_wconf 78' lang='lat' dir='ltr'><strong>totius</strong></span> <span class='ocrx_word' id='word_1_31' title='bbox 714 1089 799 1141; x_wconf 90' lang='lat' dir='ltr'><strong>serta</strong></span> <span class='ocrx_word' id='word_1_32' title='bbox 816 1076 952 1141; x_wconf 81' lang='lat' dir='ltr'><strong>Coronae</strong></span> 
     </span>
     <span class='ocr_line' id='line_1_7' title="bbox 266 1159 1072 1248; baseline 0.005 -25"><span class='ocrx_word' id='word_1_33' title='bbox 266 1159 307 1224; x_wconf 92' lang='lat' dir='ltr'><strong>In</strong></span> <span class='ocrx_word' id='word_1_34' title='bbox 322 1160 435 1224; x_wconf 83' lang='lat' dir='ltr'><strong>caelum</strong></span> <span class='ocrx_word' id='word_1_35' title='bbox 447 1161 601 1240; x_wconf 77' lang='lat' dir='ltr'><strong>redeunt3</strong></span> <span class='ocrx_word' id='word_1_36' title='bbox 624 1173 729 1226; x_wconf 88' lang='lat' dir='ltr'><strong>totum</strong></span> <span class='ocrx_word' id='word_1_37' title='bbox 744 1185 778 1226; x_wconf 90' lang='lat' dir='ltr'><strong>se</strong></span> <span class='ocrx_word' id='word_1_38' title='bbox 792 1162 907 1226; x_wconf 86' lang='lat' dir='ltr'><strong>liberat</strong></span> <span class='ocrx_word' id='word_1_39' title='bbox 923 1160 1072 1248; x_wconf 87' lang='lat' dir='ltr'><strong>Hydros;</strong></span> 
     </span>
     <span class='ocr_line' id='line_1_8' title="bbox 266 1245 1029 1332; baseline 0.003 -22"><span class='ocrx_word' id='word_1_40' title='bbox 266 1245 422 1311; x_wconf 89' lang='lat' dir='ltr'><strong>Cruribus</strong></span> <span class='ocrx_word' id='word_1_41' title='bbox 438 1259 603 1332; x_wconf 85' lang='lat' dir='ltr'><strong>exspectat</strong></span> <span class='ocrx_word' id='word_1_42' title='bbox 620 1248 750 1325; x_wconf 87' lang='lat' dir='ltr'>Chiron,</span> <span class='ocrx_word' id='word_1_43' title='bbox 766 1248 930 1313; x_wconf 81' lang='lat' dir='ltr'><strong>obscurior</strong></span> <span class='ocrx_word' id='word_1_44' title='bbox 944 1271 1029 1327; x_wconf 85' lang='lat' dir='ltr'><strong>arcu,</strong></span> 
     </span>
     <span class='ocr_line' id='line_1_9' title="bbox 266 1332 1026 1418; baseline 0.003 -22"><span class='ocrx_word' id='word_1_45' title='bbox 266 1332 407 1417; x_wconf 82' lang='lat' dir='ltr'><strong>Corpore</strong></span> <span class='ocrx_word' id='word_1_46' title='bbox 417 1333 486 1418; x_wconf 87' lang='lat' dir='ltr'><strong>jam</strong></span> <span class='ocrx_word' id='word_1_47' title='bbox 501 1345 570 1398; x_wconf 88' lang='lat' dir='ltr'><strong>toto</strong></span> <span class='ocrx_word' id='word_1_48' title='bbox 581 1347 671 1399; x_wconf 84' lang='lat' dir='ltr'><strong>vasto</strong></span> <span class='ocrx_word' id='word_1_49' title='bbox 685 1334 746 1399; x_wconf 92' lang='lat' dir='ltr'><strong>suh</strong></span> <span class='ocrx_word' id='word_1_50' title='bbox 760 1333 877 1399; x_wconf 87' lang='lat' dir='ltr'><strong>vertice</strong></span> <span class='ocrx_word' id='word_1_51' title='bbox 895 1335 1026 1399; x_wconf 87' lang='lat' dir='ltr'><strong>clarus.-</strong></span> 
     </span>
     <span class='ocr_line' id='line_1_10' title="bbox 264 1418 1263 1505; baseline 0.005 -23"><span class='ocrx_word' id='word_1_52' title='bbox 264 1418 350 1483; x_wconf 87' lang='lat' dir='ltr'><strong>Tum</strong></span> <span class='ocrx_word' id='word_1_53' title='bbox 362 1418 439 1496; x_wconf 87' lang='lat' dir='ltr'><strong>fera,</strong></span> <span class='ocrx_word' id='word_1_54' title='bbox 480 1442 553 1484; x_wconf 86' lang='lat' dir='ltr'><strong>uam</strong></span> <span class='ocrx_word' id='word_1_55' title='bbox 569 1419 685 1486; x_wconf 85' lang='lat' dir='ltr'><strong>dextra</strong></span> <span class='ocrx_word' id='word_1_56' title='bbox 699 1431 806 1505; x_wconf 87' lang='lat' dir='ltr'><strong>portat</strong></span> <span class='ocrx_word' id='word_1_57' title='bbox 823 1421 1014 1500; x_wconf 83' lang='lat' dir='ltr'><strong>Centaurus,</strong></span> <span class='ocrx_word' id='word_1_58' title='bbox 1029 1421 1064 1486; x_wconf 91' lang='lat' dir='ltr'><strong>in</strong></span> <span class='ocrx_word' id='word_1_59' title='bbox 1079 1445 1172 1488; x_wconf 87' lang='lat' dir='ltr'><strong>auras</strong></span> <span class='ocrx_word' id='word_1_60' title='bbox 1215 1423 1263 1473; x_wconf 81' lang='lat'><strong>⁶⁷⁵</strong></span> 
     </span>
     <span class='ocr_line' id='line_1_11' title="bbox 264 1442 1011 1591; baseline 0.005 -24"><span class='ocrx_word' id='word_1_61' title='bbox 264 1504 387 1569; x_wconf 87' lang='lat' dir='ltr'><strong>Exsilit</strong></span> <span class='ocrx_word' id='word_1_62' title='bbox 402 1517 435 1570; x_wconf 90' lang='lat' dir='ltr'><strong>et</strong></span> <span class='ocrx_word' id='word_1_63' title='bbox 449 1442 540 1570; x_wconf 80' lang='lat' dir='ltr'><strong>claris</strong></span> <span class='ocrx_word' id='word_1_64' title='bbox 555 1506 698 1591; x_wconf 89' lang='lat' dir='ltr'><strong>aperitur</strong></span> <span class='ocrx_word' id='word_1_65' title='bbox 711 1506 851 1571; x_wconf 82' lang='lat' dir='ltr'><strong>flexibus</strong></span> <span class='ocrx_word' id='word_1_66' title='bbox 867 1505 1011 1590; x_wconf 81' lang='lat' dir='ltr'><strong>Anguisr</strong></span> 
     </span>
     <span class='ocr_line' id='line_1_12' title="bbox 265 1590 1074 1677; baseline 0.006 -23"><span class='ocrx_word' id='word_1_67' title='bbox 265 1590 469 1677; x_wconf 86' lang='lat' dir='ltr'><strong>Innixusque</strong></span> <span class='ocrx_word' id='word_1_68' title='bbox 485 1614 572 1675; x_wconf 88' lang='lat' dir='ltr'><strong>genu</strong></span> <span class='ocrx_word' id='word_1_69' title='bbox 586 1593 665 1656; x_wconf 83' lang='lat' dir='ltr'><strong>laeva</strong></span> <span class='ocrx_word' id='word_1_70' title='bbox 680 1592 786 1656; x_wconf 87' lang='lat' dir='ltr'><strong>minus</strong></span> <span class='ocrx_word' id='word_1_71' title='bbox 802 1615 933 1677; x_wconf 76' lang='lat' dir='ltr'><strong>aequora</strong></span> <span class='ocrx_word' id='word_1_72' title='bbox 945 1591 1074 1677; x_wconf 88' lang='lat' dir='ltr'><strong>linquit.</strong></span> 
     </span>
    </p>

    <p class='ocr_par' dir='ltr' id='par_1_3' title="bbox 261 1676 1262 2624">
     <span class='ocr_line' id='line_1_13' title="bbox 308 1676 1125 1763; baseline 0.004 -22"><span class='ocrx_word' id='word_1_73' title='bbox 308 1676 356 1741; x_wconf 87' lang='lat' dir='ltr'><strong>At</strong></span> <span class='ocrx_word' id='word_1_74' title='bbox 371 1700 471 1762; x_wconf 92' lang='lat' dir='ltr'><strong>quum</strong></span> <span class='ocrx_word' id='word_1_75' title='bbox 486 1678 589 1763; x_wconf 86' lang='lat' dir='ltr'><strong>prima</strong></span> <span class='ocrx_word' id='word_1_76' title='bbox 603 1679 691 1744; x_wconf 88' lang='lat' dir='ltr'><strong>subit</strong></span> <span class='ocrx_word' id='word_1_77' title='bbox 704 1677 801 1742; x_wconf 85' lang='lat' dir='ltr'><strong>facies</strong></span> <span class='ocrx_word' id='word_1_78' title='bbox 816 1678 994 1743; x_wconf 89' lang='lat' dir='ltr'><strong>remeabilis</strong></span> <span class='ocrx_word' id='word_1_79' title='bbox 1010 1678 1125 1757; x_wconf 88' lang='lat' dir='ltr'><strong>Arcus,</strong></span> 
     </span>
     <span class='ocr_line' id='line_1_14' title="bbox 263 1761 1252 1848; baseline 0.005 -23"><span class='ocrx_word' id='word_1_80' title='bbox 263 1761 336 1826; x_wconf 84' lang='lat' dir='ltr'><strong>Jam</strong></span> <span class='ocrx_word' id='word_1_81' title='bbox 352 1764 433 1828; x_wconf 87' lang='lat' dir='ltr'><strong>sicca</strong></span> <span class='ocrx_word' id='word_1_82' title='bbox 450 1763 579 1829; x_wconf 78' lang='lat' dir='ltr'><strong>Oceano</strong></span> <span class='ocrx_word' id='word_1_83' title='bbox 595 1763 714 1829; x_wconf 88' lang='lat' dir='ltr'><strong>Chiron</strong></span> <span class='ocrx_word' id='word_1_84' title='bbox 730 1763 871 1848; x_wconf 90' lang='lat' dir='ltr'><strong>pernicia</strong></span> <span class='ocrx_word' id='word_1_85' title='bbox 885 1765 1252 1829; x_wconf 58' lang='lat' dir='ltr'><strong>crural⁰¹²¹²⁸lss¹⁴⁰¹ffl¹¹²</strong></span> 
     </span>
     <span class='ocr_line' id='line_1_15' title="bbox 263 1847 1262 1935; baseline 0.002 -23"><span class='ocrx_word' id='word_1_86' title='bbox 263 1847 404 1934; x_wconf 88' lang='lat' dir='ltr'><strong>Expulit</strong></span> <span class='ocrx_word' id='word_1_87' title='bbox 418 1861 451 1914; x_wconf 92' lang='lat' dir='ltr'><strong>et</strong></span> <span class='ocrx_word' id='word_1_88' title='bbox 465 1850 556 1915; x_wconf 89' lang='lat' dir='ltr'><strong>celsis</strong></span> <span class='ocrx_word' id='word_1_89' title='bbox 572 1849 758 1935; x_wconf 75' lang='lat' dir='ltr'><strong>Ophiuchus</strong></span> <span class='ocrx_word' id='word_1_90' title='bbox 773 1850 876 1934; x_wconf 85' lang='lat' dir='ltr'><strong>fulget</strong></span> <span class='ocrx_word' id='word_1_91' title='bbox 889 1851 923 1914; x_wconf 89' lang='lat' dir='ltr'><strong>in</strong></span> <span class='ocrx_word' id='word_1_92' title='bbox 939 1849 1042 1914; x_wconf 90' lang='lat' dir='ltr'><strong>astris.</strong></span> <span class='ocrx_word' id='word_1_93' title='bbox 1212 1851 1262 1900; x_wconf 84' lang='grc'><strong>666</strong></span> 
     </span>
     <span class='ocr_line' id='line_1_16' title="bbox 263 1934 1149 2022; baseline 0.003 -23"><span class='ocrx_word' id='word_1_94' title='bbox 263 1934 322 1999; x_wconf 91' lang='lat' dir='ltr'><strong>Nil</strong></span> <span class='ocrx_word' id='word_1_95' title='bbox 337 1935 436 2001; x_wconf 89' lang='lat' dir='ltr'><strong>trahit</strong></span> <span class='ocrx_word' id='word_1_96' title='bbox 451 1936 623 2001; x_wconf 89' lang='lat' dir='ltr'><strong>obscurum</strong></span> <span class='ocrx_word' id='word_1_97' title='bbox 640 1936 796 2022; x_wconf 84' lang='lat' dir='ltr'><strong>Serpens:</strong></span> <span class='ocrx_word' id='word_1_98' title='bbox 820 1936 877 2000; x_wconf 88' lang='lat' dir='ltr'><strong>sed</strong></span> <span class='ocrx_word' id='word_1_99' title='bbox 892 1947 1005 2000; x_wconf 90' lang='lat' dir='ltr'><strong>trunca</strong></span> <span class='ocrx_word' id='word_1_100' title='bbox 1020 1947 1149 2021; x_wconf 83' lang='lat' dir='ltr'><strong>recepta</strong></span> 
     </span>
     <span class='ocr_line' id='line_1_17' title="bbox 263 2020 1041 2108; baseline 0.003 -24"><span class='ocrx_word' id='word_1_101' title='bbox 263 2020 396 2086; x_wconf 90' lang='lat' dir='ltr'><strong>Desinit</strong></span> <span class='ocrx_word' id='word_1_102' title='bbox 410 2045 479 2086; x_wconf 88' lang='lat' dir='ltr'><strong>esse</strong></span> <span class='ocrx_word' id='word_1_103' title='bbox 493 2022 615 2108; x_wconf 88' lang='lat' dir='ltr'><strong>manu†</strong></span> <span class='ocrx_word' id='word_1_104' title='bbox 629 2023 742 2086; x_wconf 88' lang='lat' dir='ltr'><strong>mediis</strong></span> <span class='ocrx_word' id='word_1_105' title='bbox 756 2022 905 2087; x_wconf 85' lang='lat' dir='ltr'><strong>deformis</strong></span> <span class='ocrx_word' id='word_1_106' title='bbox 919 2021 1041 2106; x_wconf 82' lang='lat' dir='ltr'><strong>imago:</strong></span> 
     </span>
     <span class='ocr_line' id='line_1_18' title="bbox 263 2106 1117 2194; baseline 0.002 -24"><span class='ocrx_word' id='word_1_107' title='bbox 263 2107 285 2170; x_wconf 89' lang='lat' dir='ltr'><strong>J</strong></span> <span class='ocrx_word' id='word_1_108' title='bbox 285 2128 336 2171; x_wconf 88' lang='lat' dir='ltr'><strong>am</strong></span> <span class='ocrx_word' id='word_1_109' title='bbox 350 2106 436 2192; x_wconf 87' lang='lat' dir='ltr'><strong>Lyra</strong></span> <span class='ocrx_word' id='word_1_110' title='bbox 450 2130 523 2172; x_wconf 90' lang='lat' dir='ltr'><strong>cum</strong></span> <span class='ocrx_word' id='word_1_111' title='bbox 538 2109 661 2193; x_wconf 89' lang='lat' dir='ltr'><strong>superis</strong></span> <span class='ocrx_word' id='word_1_112' title='bbox 676 2119 710 2172; x_wconf 89' lang='lat' dir='ltr'><strong>et</strong></span> <span class='ocrx_word' id='word_1_113' title='bbox 726 2107 827 2193; x_wconf 87' lang='lat' dir='ltr'><strong>Cycni</strong></span> <span class='ocrx_word' id='word_1_114' title='bbox 842 2108 979 2172; x_wconf 88' lang='lat' dir='ltr'><strong>dextera</strong></span> <span class='ocrx_word' id='word_1_115' title='bbox 992 2130 1117 2194; x_wconf 85' lang='lat' dir='ltr'><strong>penna:</strong></span> 
     </span>
     <span class='ocr_line' id='line_1_19' title="bbox 263 2190 1052 2278; baseline 0.003 -23"><span class='ocrx_word' id='word_1_116' title='bbox 263 2192 364 2256; x_wconf 87' lang='lat' dir='ltr'><strong>Radit</strong></span> <span class='ocrx_word' id='word_1_117' title='bbox 379 2194 527 2258; x_wconf 90' lang='lat' dir='ltr'><strong>tellurem</strong></span> <span class='ocrx_word' id='word_1_118' title='bbox 542 2195 668 2259; x_wconf 89' lang='lat' dir='ltr'><strong>rediens</strong></span> <span class='ocrx_word' id='word_1_119' title='bbox 682 2216 755 2259; x_wconf 91' lang='lat' dir='ltr'><strong>cum</strong></span> <span class='ocrx_word' id='word_1_120' title='bbox 771 2194 873 2259; x_wconf 88' lang='lat' dir='ltr'><strong>sidere</strong></span> <span class='ocrx_word' id='word_1_121' title='bbox 889 2190 1052 2278; x_wconf 89' lang='lat' dir='ltr'><strong>Cepheus.</strong></span> 
     </span>
     <span class='ocr_line' id='line_1_20' title="bbox 262 2277 1257 2366; baseline 0.003 -24"><span class='ocrx_word' id='word_1_122' title='bbox 262 2277 348 2342; x_wconf 88' lang='lat' dir='ltr'><strong>Tum</strong></span> <span class='ocrx_word' id='word_1_123' title='bbox 364 2279 459 2344; x_wconf 88' lang='lat' dir='ltr'><strong>Canis</strong></span> <span class='ocrx_word' id='word_1_124' title='bbox 474 2280 640 2345; x_wconf 87' lang='lat' dir='ltr'><strong>abscondit</strong></span> <span class='ocrx_word' id='word_1_125' title='bbox 655 2281 754 2345; x_wconf 91' lang='lat' dir='ltr'><strong>totius</strong></span> <span class='ocrx_word' id='word_1_126' title='bbox 769 2279 909 2366; x_wconf 90' lang='lat' dir='ltr'><strong>corporis</strong></span> <span class='ocrx_word' id='word_1_127' title='bbox 922 2279 1015 2363; x_wconf 89' lang='lat' dir='ltr'><strong>ignes</strong></span> <span class='ocrx_word' id='word_1_128' title='bbox 1210 2283 1257 2332; x_wconf 82' lang='grc'><strong>666</strong></span> 
     </span>
     <span class='ocr_line' id='line_1_21' title="bbox 262 2363 996 2453; baseline -0.001 -24"><span class='ocrx_word' id='word_1_129' title='bbox 262 2363 309 2430; x_wconf 84' lang='lat' dir='ltr'><strong>Et</strong></span> <span class='ocrx_word' id='word_1_130' title='bbox 323 2365 403 2431; x_wconf 88' lang='lat' dir='ltr'><strong>latet</strong></span> <span class='ocrx_word' id='word_1_131' title='bbox 415 2366 517 2431; x_wconf 91' lang='lat' dir='ltr'><strong>Orion</strong></span> <span class='ocrx_word' id='word_1_132' title='bbox 529 2391 537 2444; x_wconf 70' lang='grc' dir='ltr'>ς</span> <span class='ocrx_word' id='word_1_133' title='bbox 562 2378 596 2432; x_wconf 90' lang='lat' dir='ltr'><strong>et</strong></span> <span class='ocrx_word' id='word_1_134' title='bbox 609 2386 733 2453; x_wconf 86' lang='lat' dir='ltr'><strong>semper</strong></span> <span class='ocrx_word' id='word_1_135' title='bbox 747 2377 838 2431; x_wconf 88' lang='lat' dir='ltr'><strong>tutus</strong></span> <span class='ocrx_word' id='word_1_136' title='bbox 851 2365 886 2430; x_wconf 94' lang='lat' dir='ltr'><strong>in</strong></span> <span class='ocrx_word' id='word_1_137' title='bbox 902 2366 996 2429; x_wconf 90' lang='lat' dir='ltr'><strong>undis</strong></span> 
     </span>
     <span class='ocr_line' id='line_1_22' title="bbox 261 2451 1125 2538; baseline -0.001 -22"><span class='ocrx_word' id='word_1_138' title='bbox 261 2451 325 2516; x_wconf 88' lang='lat' dir='ltr'><strong>Est</strong></span> <span class='ocrx_word' id='word_1_139' title='bbox 340 2451 450 2538; x_wconf 87' lang='lat' dir='ltr'><strong>Lepus</strong></span> <span class='ocrx_word' id='word_1_140' title='bbox 463 2478 471 2531; x_wconf 92' lang='lat'>;</span> <span class='ocrx_word' id='word_1_141' title='bbox 494 2452 677 2538; x_wconf 82' lang='lat' dir='ltr'><strong>Argoaeque</strong></span> <span class='ocrx_word' id='word_1_142' title='bbox 691 2452 780 2531; x_wconf 85' lang='lat' dir='ltr'><strong>ratis,</strong></span> <span class='ocrx_word' id='word_1_143' title='bbox 796 2476 860 2538; x_wconf 86' lang='lat' dir='ltr'><strong>qua</strong></span> <span class='ocrx_word' id='word_1_144' title='bbox 873 2452 982 2517; x_wconf 86' lang='lat' dir='ltr'><strong>flexile</strong></span> <span class='ocrx_word' id='word_1_145' title='bbox 998 2451 1125 2534; x_wconf 83' lang='lat' dir='ltr'><strong>signum</strong></span> 
     </span>
     <span class='ocr_line' id='line_1_23' title="bbox 263 2536 1059 2624; baseline 0.004 -24"><span class='ocrx_word' id='word_1_146' title='bbox 263 2536 304 2601; x_wconf 90' lang='lat' dir='ltr'><strong>In</strong></span> <span class='ocrx_word' id='word_1_147' title='bbox 319 2539 455 2624; x_wconf 91' lang='lat' dir='ltr'><strong>puppim</strong></span> <span class='ocrx_word' id='word_1_148' title='bbox 468 2539 634 2618; x_wconf 86' lang='lat' dir='ltr'><strong>formatur,</strong></span> <span class='ocrx_word' id='word_1_149' title='bbox 651 2539 754 2605; x_wconf 92' lang='lat' dir='ltr'><strong>adhuc</strong></span> <span class='ocrx_word' id='word_1_150' title='bbox 772 2538 926 2624; x_wconf 86' lang='lat' dir='ltr'><strong>aplustria</strong></span> <span class='ocrx_word' id='word_1_151' title='bbox 939 2539 1059 2603; x_wconf 86' lang='lat' dir='ltr'><strong>lucent.</strong></span> 
     </span>
    </p>
   </div>
   <div class='ocr_carea' id='block_1_3' title="bbox 262 2623 1260 2758">
    <p class='ocr_par' dir='ltr' id='par_1_4' title="bbox 262 2623 1260 2758">
     <span class='ocr_line' id='line_1_24' title="bbox 262 2623 1062 2710; baseline -0.003 -21"><span class='ocrx_word' id='word_1_152' title='bbox 262 2623 428 2709; x_wconf 85' lang='lat' dir='ltr'><strong>Mergitur</strong></span> <span class='ocrx_word' id='word_1_153' title='bbox 442 2637 476 2691; x_wconf 93' lang='lat' dir='ltr'><strong>et</strong></span> <span class='ocrx_word' id='word_1_154' title='bbox 491 2624 629 2690; x_wconf 80' lang='lat' dir='ltr'><strong>Perseus</strong></span> <span class='ocrx_word' id='word_1_155' title='bbox 644 2636 678 2690; x_wconf 87' lang='lat' dir='ltr'><strong>et</strong></span> <span class='ocrx_word' id='word_1_156' title='bbox 694 2624 808 2710; x_wconf 81' lang='lat' dir='ltr'><strong>Caprae</strong></span> <span class='ocrx_word' id='word_1_157' title='bbox 823 2625 931 2689; x_wconf 92' lang='lat' dir='ltr'><strong>nobile</strong></span> <span class='ocrx_word' id='word_1_158' title='bbox 941 2624 1062 2688; x_wconf 91' lang='lat' dir='ltr'><strong>lumen.</strong></span> 
     </span>
     <span class='ocr_line' id='line_1_25' title="bbox 986 2711 1260 2758; baseline 0 -10"><span class='ocrx_word' id='word_1_159' title='bbox 986 2711 1100 2758; x_wconf 67' lang='lat' dir='ltr'><strong>[ORIHTE</strong></span> <span class='ocrx_word' id='word_1_160' title='bbox 1109 2717 1260 2750; x_wconf 69' lang='lat' dir='ltr'><strong>cnutum.</strong></span> 
     </span>
    </p>
   </div>
   <div class='ocr_carea' id='block_1_4' title="bbox 260 2759 1258 3793">
    <p class='ocr_par' dir='ltr' id='par_1_5' title="bbox 262 2759 1258 3192">
     <span class='ocr_line' id='line_1_26' title="bbox 306 2759 1258 2846; baseline -0.003 -21"><span class='ocrx_word' id='word_1_161' title='bbox 306 2760 464 2846; x_wconf 86' lang='lat' dir='ltr'><strong>Aurigam</strong></span> <span class='ocrx_word' id='word_1_162' title='bbox 479 2772 584 2826; x_wconf 90' lang='lat' dir='ltr'><strong>totum</strong></span> <span class='ocrx_word' id='word_1_163' title='bbox 601 2761 768 2827; x_wconf 87' lang='lat' dir='ltr'><strong>abscondit</strong></span> <span class='ocrx_word' id='word_1_164' title='bbox 782 2760 913 2826; x_wconf 87' lang='lat' dir='ltr'><strong>veniens</strong></span> <span class='ocrx_word' id='word_1_165' title='bbox 928 2759 1150 2845; x_wconf 87' lang='lat' dir='ltr'><strong>Capricornus,</strong></span> <span class='ocrx_word' id='word_1_166' title='bbox 1211 2762 1258 2810; x_wconf 90' lang='grc'><strong>666</strong></span> 
     </span>
     <span class='ocr_line' id='line_1_27' title="bbox 262 2843 1182 2932; baseline 0.003 -21"><span class='ocrx_word' id='word_1_167' title='bbox 262 2846 376 2932; x_wconf 88' lang='lat' dir='ltr'><strong>Atque</strong></span> <span class='ocrx_word' id='word_1_168' title='bbox 392 2870 519 2912; x_wconf 90' lang='lat' dir='ltr'><strong>omnem</strong></span> <span class='ocrx_word' id='word_1_169' title='bbox 534 2859 682 2914; x_wconf 89' lang='lat' dir='ltr'><strong>ornatum</strong></span> <span class='ocrx_word' id='word_1_170' title='bbox 696 2847 885 2912; x_wconf 88' lang='lat' dir='ltr'><strong>venerandae</strong></span> <span class='ocrx_word' id='word_1_171' title='bbox 901 2847 1033 2911; x_wconf 90' lang='lat' dir='ltr'><strong>numine</strong></span> <span class='ocrx_word' id='word_1_172' title='bbox 1050 2843 1182 2931; x_wconf 90' lang='lat' dir='ltr'><strong>Puppis.</strong></span> 
     </span>
     <span class='ocr_line' id='line_1_28' title="bbox 263 2931 1140 3020; baseline -0.001 -23"><span class='ocrx_word' id='word_1_173' title='bbox 263 2934 348 2998; x_wconf 90' lang='lat' dir='ltr'><strong>Tum</strong></span> <span class='ocrx_word' id='word_1_174' title='bbox 365 2933 512 3020; x_wconf 85' lang='lat' dir='ltr'><strong>Procyon</strong></span> <span class='ocrx_word' id='word_1_175' title='bbox 527 2935 680 2998; x_wconf 89' lang='lat' dir='ltr'><strong>obscurus</strong></span> <span class='ocrx_word' id='word_1_176' title='bbox 695 2934 783 3012; x_wconf 79' lang='lat' dir='ltr'><strong>abit3</strong></span> <span class='ocrx_word' id='word_1_177' title='bbox 799 2933 883 2998; x_wconf 88' lang='lat' dir='ltr'><strong>redit</strong></span> <span class='ocrx_word' id='word_1_178' title='bbox 897 2933 1034 3016; x_wconf 88' lang='lat' dir='ltr'><strong>armiger</strong></span> <span class='ocrx_word' id='word_1_179' title='bbox 1049 2931 1140 2996; x_wconf 89' lang='lat' dir='ltr'><strong>uncis</strong></span> 
     </span>
     <span class='ocr_line' id='line_1_29' title="bbox 262 3016 1132 3104; baseline 0 -22"><span class='ocrx_word' id='word_1_180' title='bbox 262 3018 448 3103; x_wconf 85' lang='lat' dir='ltr'><strong>Unguibus,</strong></span> <span class='ocrx_word' id='word_1_181' title='bbox 464 3030 540 3084; x_wconf 89' lang='lat' dir='ltr'><strong>ante</strong></span> <span class='ocrx_word' id='word_1_182' title='bbox 552 3040 663 3084; x_wconf 86' lang='lat' dir='ltr'><strong>omncs</strong></span> <span class='ocrx_word' id='word_1_183' title='bbox 676 3031 785 3104; x_wconf 89' lang='lat' dir='ltr'><strong>gratus</strong></span> <span class='ocrx_word' id='word_1_184' title='bbox 800 3018 870 3097; x_wconf 87' lang='lat' dir='ltr'><strong>tibi,</strong></span> <span class='ocrx_word' id='word_1_185' title='bbox 886 3018 1025 3104; x_wconf 83' lang='lat' dir='ltr'><strong>Jupiter,</strong></span> <span class='ocrx_word' id='word_1_186' title='bbox 1042 3016 1132 3082; x_wconf 87' lang='lat' dir='ltr'><strong>Ales.</strong></span> 
     </span>
     <span class='ocr_line' id='line_1_30' title="bbox 262 3101 1097 3192; baseline -0.001 -23"><span class='ocrx_word' id='word_1_187' title='bbox 262 3105 421 3170; x_wconf 88' lang='lat' dir='ltr'><strong>Omnibus</strong></span> <span class='ocrx_word' id='word_1_188' title='bbox 437 3117 470 3170; x_wconf 90' lang='lat' dir='ltr'><strong>et</strong></span> <span class='ocrx_word' id='word_1_189' title='bbox 483 3105 584 3170; x_wconf 89' lang='lat' dir='ltr'><strong>stellis</strong></span> <span class='ocrx_word' id='word_1_190' title='bbox 600 3106 729 3192; x_wconf 88' lang='lat' dir='ltr'><strong>Cycnus</strong></span> <span class='ocrx_word' id='word_1_191' title='bbox 744 3105 828 3170; x_wconf 88' lang='lat' dir='ltr'><strong>redit</strong></span> <span class='ocrx_word' id='word_1_192' title='bbox 842 3117 876 3170; x_wconf 85' lang='lat' dir='ltr'><strong>et</strong></span> <span class='ocrx_word' id='word_1_193' title='bbox 889 3106 957 3169; x_wconf 90' lang='lat' dir='ltr'><strong>leve</strong></span> <span class='ocrx_word' id='word_1_194' title='bbox 972 3101 1097 3184; x_wconf 89' lang='lat' dir='ltr'><strong>Telum,</strong></span> 
     </span>
    </p>

    <p class='ocr_par' dir='ltr' id='par_1_6' title="bbox 261 3190 1256 3362">
     <span class='ocr_line' id='line_1_31' title="bbox 261 3190 1256 3278; baseline 0 -24"><span class='ocrx_word' id='word_1_195' title='bbox 261 3191 308 3255; x_wconf 89' lang='lat' dir='ltr'><strong>Et</strong></span> <span class='ocrx_word' id='word_1_196' title='bbox 318 3213 433 3276; x_wconf 85' lang='lat' dir='ltr'><strong>parvus</strong></span> <span class='ocrx_word' id='word_1_197' title='bbox 450 3190 633 3276; x_wconf 89' lang='lat' dir='ltr'><strong>Delphinus</strong></span> <span class='ocrx_word' id='word_1_198' title='bbox 648 3204 682 3256; x_wconf 91' lang='lat' dir='ltr'><strong>et</strong></span> <span class='ocrx_word' id='word_1_199' title='bbox 696 3204 772 3278; x_wconf 86' lang='lat' dir='ltr'><strong>apta</strong></span> <span class='ocrx_word' id='word_1_200' title='bbox 786 3191 912 3256; x_wconf 86' lang='lat' dir='ltr'><strong>Altaria</strong></span> <span class='ocrx_word' id='word_1_201' title='bbox 927 3191 1032 3256; x_wconf 87' lang='lat' dir='ltr'><strong>sacris.</strong></span> <span class='ocrx_word' id='word_1_202' title='bbox 1210 3192 1256 3240; x_wconf 84' lang='grc'><strong>666</strong></span> 
     </span>
     <span class='ocr_line' id='line_1_32' title="bbox 262 3275 974 3362; baseline 0.001 -22"><span class='ocrx_word' id='word_1_203' title='bbox 262 3275 414 3361; x_wconf 87' lang='lat' dir='ltr'><strong>[Eminus</strong></span> <span class='ocrx_word' id='word_1_204' title='bbox 428 3278 575 3362; x_wconf 87' lang='lat' dir='ltr'><strong>exsurgit</strong></span> <span class='ocrx_word' id='word_1_205' title='bbox 590 3277 716 3344; x_wconf 73' lang='lat' dir='ltr'><strong>Minoia</strong></span> <span class='ocrx_word' id='word_1_206' title='bbox 730 3289 807 3342; x_wconf 90' lang='lat' dir='ltr'><strong>nota</strong></span> <span class='ocrx_word' id='word_1_207' title='bbox 823 3277 974 3362; x_wconf 81' lang='lat' dir='ltr'><strong>Corona]</strong></span> 
     </span>
    </p>

    <p class='ocr_par' dir='ltr' id='par_1_7' title="bbox 260 3362 1256 3613">
     <span class='ocr_line' id='line_1_33' title="bbox 306 3362 1116 3448; baseline 0.002 -22"><span class='ocrx_word' id='word_1_208' title='bbox 306 3362 516 3448; x_wconf 89' lang='lat' dir='ltr'><strong>Hydrochoos</strong></span> <span class='ocrx_word' id='word_1_209' title='bbox 531 3364 645 3428; x_wconf 87' lang='lat' dir='ltr'><strong>caelum</strong></span> <span class='ocrx_word' id='word_1_210' title='bbox 660 3364 814 3429; x_wconf 86' lang='lat' dir='ltr'><strong>scandens</strong></span> <span class='ocrx_word' id='word_1_211' title='bbox 829 3364 923 3428; x_wconf 89' lang='lat' dir='ltr'><strong>simul</strong></span> <span class='ocrx_word' id='word_1_212' title='bbox 938 3374 1047 3428; x_wconf 89' lang='lat' dir='ltr'><strong>evocat</strong></span> <span class='ocrx_word' id='word_1_213' title='bbox 1062 3386 1116 3428; x_wconf 88' lang='lat' dir='ltr'><strong>ore</strong></span> 
     </span>
     <span class='ocr_line' id='line_1_34' title="bbox 261 3449 1256 3533; baseline 0 -21"><span class='ocrx_word' id='word_1_214' title='bbox 261 3449 308 3513; x_wconf 91' lang='lat' dir='ltr'><strong>Et</strong></span> <span class='ocrx_word' id='word_1_215' title='bbox 322 3450 441 3514; x_wconf 89' lang='lat' dir='ltr'><strong>cervice</strong></span> <span class='ocrx_word' id='word_1_216' title='bbox 457 3461 552 3514; x_wconf 90' lang='lat' dir='ltr'><strong>tenus</strong></span> <span class='ocrx_word' id='word_1_217' title='bbox 566 3451 720 3515; x_wconf 85' lang='lat' dir='ltr'><strong>fidentem</strong></span> <span class='ocrx_word' id='word_1_218' title='bbox 737 3450 884 3533; x_wconf 89' lang='lat' dir='ltr'><strong>Pegason</strong></span> <span class='ocrx_word' id='word_1_219' title='bbox 899 3449 966 3514; x_wconf 90' lang='lat' dir='ltr'><strong>alis.</strong></span> <span class='ocrx_word' id='word_1_220' title='bbox 1024 3451 1256 3498; x_wconf 65' lang='lat'><strong>[⁰²¹²²¹²‘¹¹0⁰⁴²¹⁰·</strong></span> 
     </span>
     <span class='ocr_line' id='line_1_35' title="bbox 260 3533 1068 3613; baseline 0.002 -15"><span class='ocrx_word' id='word_1_221' title='bbox 260 3534 419 3599; x_wconf 88' lang='lat' dir='ltr'><strong>Aversum</strong></span> <span class='ocrx_word' id='word_1_222' title='bbox 435 3533 577 3601; x_wconf 85' lang='lat' dir='ltr'><strong>Chirona</strong></span> <span class='ocrx_word' id='word_1_223' title='bbox 592 3537 691 3602; x_wconf 91' lang='lat' dir='ltr'><strong>trahit</strong></span> <span class='ocrx_word' id='word_1_224' title='bbox 707 3559 773 3600; x_wconf 84' lang='lat' dir='ltr'><strong>nox</strong></span> <span class='ocrx_word' id='word_1_225' title='bbox 787 3546 855 3600; x_wconf 85' lang='lat' dir='ltr'><strong>atra</strong></span> <span class='ocrx_word' id='word_1_226' title='bbox 870 3535 930 3600; x_wconf 92' lang='lat' dir='ltr'><strong>sub</strong></span> <span class='ocrx_word' id='word_1_227' title='bbox 946 3533 1068 3613; x_wconf 86' lang='lat' dir='ltr'><strong>undas;</strong></span> 
     </span>
    </p>

    <p class='ocr_par' dir='ltr' id='par_1_8' title="bbox 261 3619 1257 3793">
     <span class='ocr_line' id='line_1_36' title="bbox 262 3619 1257 3706; baseline 0 -22"><span class='ocrx_word' id='word_1_228' title='bbox 262 3619 407 3686; x_wconf 88' lang='lat' dir='ltr'><strong>Oceanos</strong></span> <span class='ocrx_word' id='word_1_229' title='bbox 421 3622 554 3686; x_wconf 89' lang='lat' dir='ltr'><strong>caudam</strong></span> <span class='ocrx_word' id='word_1_230' title='bbox 570 3623 678 3706; x_wconf 88' lang='lat' dir='ltr'><strong>tingit,</strong></span> <span class='ocrx_word' id='word_1_231' title='bbox 694 3623 836 3687; x_wconf 90' lang='lat' dir='ltr'><strong>nondum</strong></span> <span class='ocrx_word' id='word_1_232' title='bbox 851 3622 937 3706; x_wconf 89' lang='lat' dir='ltr'><strong>capit</strong></span> <span class='ocrx_word' id='word_1_233' title='bbox 952 3642 1018 3698; x_wconf 88' lang='lat' dir='ltr'><strong>ora,</strong></span> <span class='ocrx_word' id='word_1_234' title='bbox 1209 3619 1257 3672; x_wconf 84' lang='lat'><strong>⁷⁰⁰</strong></span> 
     </span>
     <span class='ocr_line' id='line_1_37' title="bbox 261 3705 1081 3793; baseline 0.001 -24"><span class='ocrx_word' id='word_1_235' title='bbox 261 3705 338 3770; x_wconf 91' lang='lat' dir='ltr'><strong>Non</strong></span> <span class='ocrx_word' id='word_1_236' title='bbox 349 3718 454 3773; x_wconf 86' lang='lat' dir='ltr'><strong>vastos</strong></span> <span class='ocrx_word' id='word_1_237' title='bbox 468 3710 629 3786; x_wconf 89' lang='lat' dir='ltr'><strong>humeros,</strong></span> <span class='ocrx_word' id='word_1_238' title='bbox 645 3731 709 3774; x_wconf 92' lang='lat' dir='ltr'><strong>non</strong></span> <span class='ocrx_word' id='word_1_239' title='bbox 724 3719 854 3793; x_wconf 91' lang='lat' dir='ltr'><strong>pectora</strong></span> <span class='ocrx_word' id='word_1_240' title='bbox 868 3707 972 3771; x_wconf 89' lang='lat' dir='ltr'><strong>tristia</strong></span> <span class='ocrx_word' id='word_1_241' title='bbox 987 3705 1081 3784; x_wconf 84' lang='lat' dir='ltr'><strong>setis3</strong></span> 
     </span>
    </p>
   </div>
   <div class='ocr_carea' id='block_1_5' title="bbox 261 3792 1256 3925">
    <p class='ocr_par' dir='ltr' id='par_1_9' title="bbox 261 3792 1256 3925">
     <span class='ocr_line' id='line_1_38' title="bbox 261 3792 1097 3881; baseline 0.001 -24"><span class='ocrx_word' id='word_1_242' title='bbox 261 3792 408 3878; x_wconf 90' lang='lat' dir='ltr'><strong>Hydram</strong></span> <span class='ocrx_word' id='word_1_243' title='bbox 423 3795 497 3881; x_wconf 89' lang='lat' dir='ltr'><strong>plus</strong></span> <span class='ocrx_word' id='word_1_244' title='bbox 511 3795 649 3860; x_wconf 91' lang='lat' dir='ltr'><strong>mediam</strong></span> <span class='ocrx_word' id='word_1_245' title='bbox 664 3795 783 3872; x_wconf 90' lang='lat' dir='ltr'><strong>condit,</strong></span> <span class='ocrx_word' id='word_1_246' title='bbox 801 3815 874 3879; x_wconf 87' lang='lat' dir='ltr'><strong>pars</strong></span> <span class='ocrx_word' id='word_1_247' title='bbox 891 3793 986 3857; x_wconf 88' lang='lat' dir='ltr'><strong>tertia</strong></span> <span class='ocrx_word' id='word_1_248' title='bbox 1001 3792 1097 3858; x_wconf 90' lang='lat' dir='ltr'><strong>lucet.</strong></span> 
     </span>
     <span class='ocr_line' id='line_1_39' title="bbox 979 3878 1256 3925; baseline 0.004 -10"><span class='ocrx_word' id='word_1_249' title='bbox 979 3878 1256 3925; x_wconf 79' lang='lat' dir='ltr'><strong>[oarrrrrausrrscrnos.</strong></span> 
     </span>
    </p>
   </div>
   <div class='ocr_carea' id='block_1_6' title="bbox 260 3925 1255 4189">
    <p class='ocr_par' dir='ltr' id='par_1_10' title="bbox 260 3925 1255 4189">
     <span class='ocr_line' id='line_1_40' title="bbox 304 3925 1124 4014; baseline -0.001 -21"><span class='ocrx_word' id='word_1_250' title='bbox 304 3925 400 3994; x_wconf 90' lang='lat' dir='ltr'><strong>Hanc</strong></span> <span class='ocrx_word' id='word_1_251' title='bbox 416 3929 522 3996; x_wconf 89' lang='lat' dir='ltr'><strong>Pisces</strong></span> <span class='ocrx_word' id='word_1_252' title='bbox 537 3931 661 3995; x_wconf 90' lang='lat' dir='ltr'><strong>abdunt</strong></span> <span class='ocrx_word' id='word_1_253' title='bbox 674 3931 737 3995; x_wconf 91' lang='lat' dir='ltr'><strong>orti</strong></span> <span class='ocrx_word' id='word_1_254' title='bbox 752 3939 922 4014; x_wconf 90' lang='lat' dir='ltr'><strong>totumque</strong></span> <span class='ocrx_word' id='word_1_255' title='bbox 938 3928 1124 3993; x_wconf 87' lang='lat' dir='ltr'><strong>Biformem.</strong></span> 
     </span>
     <span class='ocr_line' id='line_1_41' title="bbox 260 4014 1108 4102; baseline -0.004 -21"><span class='ocrx_word' id='word_1_256' title='bbox 260 4014 371 4081; x_wconf 84' lang='lat' dir='ltr'><strong>Quum</strong></span> <span class='ocrx_word' id='word_1_257' title='bbox 388 4017 531 4101; x_wconf 89' lang='lat' dir='ltr'><strong>geminos</strong></span> <span class='ocrx_word' id='word_1_258' title='bbox 547 4015 654 4082; x_wconf 89' lang='lat' dir='ltr'><strong>Pisces</strong></span> <span class='ocrx_word' id='word_1_259' title='bbox 670 4016 842 4102; x_wconf 90' lang='lat' dir='ltr'><strong>Aquilonis</strong></span> <span class='ocrx_word' id='word_1_260' title='bbox 857 4026 1006 4100; x_wconf 86' lang='lat' dir='ltr'><strong>provocat</strong></span> <span class='ocrx_word' id='word_1_261' title='bbox 1020 4037 1108 4092; x_wconf 88' lang='lat' dir='ltr'><strong>aura,</strong></span> 
     </span>
     <span class='ocr_line' id='line_1_42' title="bbox 261 4099 1255 4189; baseline 0.006 -27"><span class='ocrx_word' id='word_1_262' title='bbox 261 4099 321 4164; x_wconf 89' lang='lat' dir='ltr'><strong>Ille</strong></span> <span class='ocrx_word' id='word_1_263' title='bbox 338 4104 434 4168; x_wconf 91' lang='lat' dir='ltr'><strong>etiam</strong></span> <span class='ocrx_word' id='word_1_264' title='bbox 452 4102 565 4187; x_wconf 90' lang='lat' dir='ltr'><strong>surgit,</strong></span> <span class='ocrx_word' id='word_1_265' title='bbox 584 4103 639 4189; x_wconf 91' lang='lat' dir='ltr'><strong>qui</strong></span> <span class='ocrx_word' id='word_1_266' title='bbox 656 4104 763 4168; x_wconf 87' lang='lat' dir='ltr'><strong>tristes</strong></span> <span class='ocrx_word' id='word_1_267' title='bbox 778 4101 908 4187; x_wconf 89' lang='lat' dir='ltr'><strong>respicit</strong></span> <span class='ocrx_word' id='word_1_268' title='bbox 924 4101 1083 4179; x_wconf 80' lang='lat' dir='ltr'><strong>Austros3</strong></span> <span class='ocrx_word' id='word_1_269' title='bbox 1208 4100 1255 4153; x_wconf 79' lang='grc'>766</span> 
     </span>
    </p>
   </div>
   <div class='ocr_carea' id='block_1_7' title="bbox 0 0 1438 4848">
    <p class='ocr_par' dir='ltr' id='par_1_11' title="bbox 0 0 1438 4848">
     <span class='ocr_line' id='line_1_43' title="bbox 0 0 1438 4848; baseline 0 2"><span class='ocrx_word' id='word_1_270' title='bbox 0 0 1438 4848; x_wconf 95' lang='lat' dir='ltr'><strong> </strong></span> 
     </span>
    </p>
   </div>
  </div>
 </body>
</html>
