2902 4838
562 589 699 624 areanum
711 588 877 627 enuntians.

228 705 275 770 Et
288 714 400 770 ventos
414 714 472 770 aut
485 703 600 770 fundet
615 727 725 791 aquas,
741 704 952 790 gelidissimus
968 705 1063 770 undae

229 791 283 856 Fit
297 792 383 875 rigor
397 803 431 856 et
446 803 515 856 toto
531 791 650 857 Boreas
666 793 884 857 dominabitur
898 793 986 856 orbe.

229 877 276 942 At
291 877 398 942 faciles
412 876 521 962 glebas
536 879 684 964 astringit
697 878 815 962 frigore
830 901 927 942 verno

229 963 326 1028 Alma
340 963 463 1042 Venus,
485 961 620 1029 Pecudis
636 965 719 1029 claro
735 987 832 1050 quom
847 963 963 1028 vellere
977 962 1072 1028 fulsit·
1197 980 1224 1018 ὅθ

229 1049 297 1114 Sub
312 1050 417 1114 lucem
431 1051 578 1114 exoriens
592 1076 600 1128 ;
623 1051 798 1135 eademque
814 1051 872 1115 ubi
887 1063 1031 1136 tempore
1047 1049 1158 1114 eodem

227 1136 414 1200 AEtherium
428 1136 516 1200 venit
531 1136 675 1202 Taurum
689 1159 796 1221 super,
811 1137 969 1202 imbribus
983 1136 1061 1202 atris

227 1221 273 1286 Et
288 1223 412 1286 tonitru
428 1223 601 1307 crebraque
617 1222 783 1288 abscondit
797 1223 952 1306 grandine
967 1233 1078 1290 terras.

259 1396 298 1442 48.
316 1393 371 1458 Fit]
390 1395 436 1444 Bu.
474 1393 538 1443 Tam
549 1394 584 1443 Ir.

258 1461 298 1508 49.
315 1459 348 1506 m
361 1461 450 1521 saciles
468 1460 549 1524 alebas
566 1462 678 1520 astriayit
696 1459 743 1508 Bu.
775 1457 808 1506 At
817 1459 904 1518 facilis
918 1459 990 1520 abbe
1009 1461 1060 1510 lata
1079 1461 1173 1521 strirrqit
1192 1458 1224 1506 lr.

227 1523 322 1584 Cetera,
341 1525 368 1572 in
384 1526 472 1588 quibus
491 1525 571 1572 differt
589 1524 709 1572 restitutio
727 1532 810 1573 nostra
820 1541 835 1572 a
846 1525 906 1573 Cod.
920 1525 1003 1582 Basil,
1023 1532 1130 1573 correcta
1140 1531 1223 1572 sante

227 1589 304 1638 eodd.
315 1589 439 1638 Puteaneo
451 1597 476 1638 et
492 1589 640 1639 Matritensi.
1056 1597 1059 1601 '

258 1717 346 1767 Naris
359 1732 395 1767 aa
406 1719 540 1768 Pnanon.
557 1721 603 1768 123
623 1717 831 1780 Anum—Longe
850 1717 997 1782 probabilior
1014 1733 1088 1780 quam
1107 1718 1226 1766 Gratiana

224 1784 364 1846 conjectura
375 1786 482 1847 tristique
497 1793 573 1846 percat
579 1783 715 1832 ahscmrdita
726 1788 786 1832 vitta
797 1791 834 1832 est
846 1783 996 1832 Salmasiana
1008 1782 1121 1844 (Tertull.
1134 1783 1162 1830 de
1169 1784 1224 1845 pat-

224 1849 266 1898 lio.
301 1849 416 1906 Lutetiae,
435 1849 510 1908 Paris,
531 1850 627 1905 loeas,
646 1864 670 1910 p.
684 1848 743 1908 117)
763 1851 870 1910 tristique
887 1865 960 1912 perias
978 1848 1115 1896 abscondita
1133 1849 1192 1907 rica,
1211 1863 1225 1895 a

226 1913 336 1962 Gesnero
343 1921 368 1963 et
375 1913 511 1962 Forcellino
523 1913 549 1962 in
566 1913 693 1962 Thestoris
703 1929 726 1962 v.
733 1917 785 1963 rica
796 1913 848 1963 sine
857 1914 963 1963 auctoris
974 1913 1072 1962 nomine
1083 1921 1225 1962 memorate.
1242 1952 1244 1957 .

224 2373 258 2424 X.
277 2372 381 2422 NOTAE
400 2373 538 2423 BREVES
555 2374 605 2422 DE
624 2373 852 2423 SCHOLIASTAE
871 2373 1087 2425 QUIBUSDAM
1104 2373 1217 2426 LOCIS.

224 2514 279 2562 Vin
299 2513 384 2562 doctus
404 2514 433 2564 C.
452 2514 485 2562 G.
505 2513 618 2578 Heynius
635 2513 661 2561 in
681 2513 790 2576 epistola,
812 2529 886 2576 quam
904 2514 934 2562 cd
952 2513 977 2562 J.
991 2513 1018 2562 C.
1031 2513 1225 2562 Schcubachium

225 2579 395 2628 Eratosthenis
417 2580 534 2628 editorem
557 2578 706 2642 conscripsit,
724 2579 777 2626 haec
795 2579 882 2628 habet:
904 2582 930 2628 st
945 2585 1007 2627 recte
1031 2579 1106 2636 video,
1127 2578 1226 2628 Eratos·

224 2645 304 2692 theaes
313 2643 377 2692 nihil
393 2645 463 2692 ahad
480 2653 565 2706 eperat,
585 2660 656 2707 quam
667 2651 695 2692 at
704 2643 780 2691 Arato
792 2643 872 2692 brevia
882 2643 978 2692 Scholia
989 2643 1119 2706 subjiceret,
1129 2646 1230 2692 seorsim-

220 2712 361 2772 perscripta,
447 2709 544 2758 Scholia
565 2711 597 2757 ad
618 2710 785 2757 Gemanicam
797 2711 871 2770 fcere
892 2713 933 2770 qai
954 2709 986 2757 ab
1007 2713 1059 2771 ipsc
1083 2708 1225 2757 Gemanica

225 2777 327 2822 camini
338 2790 367 2822 ea·
380 2776 457 2823 Arato
473 2789 539 2822 verso
559 2774 651 2836 adjecta
671 2774 804 2831 crederent,¹
821 2779 878 2822 sunt
896 2779 974 2822 tamen
985 2789 1014 2821 ea
1025 2780 1073 2821 tam
1084 2777 1193 2837 imperite
1203 2783 1226 2824 et

226 2839 326 2888 barbare
337 2856 366 2888 ea
376 2839 541 2896 Eratosthene,
561 2841 659 2902 adjectis
669 2841 725 2886 aliis
736 2839 838 2895 aliunde,
850 2839 949 2897 reddita,
960 2844 987 2886 at
996 2854 1044 2886 nort
1054 2840 1102 2885 nisi
1112 2853 1128 2884 a
1137 2842 1224 2886 seriore

223 2905 304 2968 aliquo
315 2904 409 2953 homine
416 2906 538 2968 primicieci
550 2909 654 2967 potuisse
664 2905 800 2960 videantur,
820 2906 863 2966 qai
871 2907 908 2952 ati
918 2902 1018 2951 Aratum
1030 2903 1124 2952 scholiis
1134 2904 1224 2952 viderat

228 2972 315 3018 Grecis
333 2973 481 3027 instinctam,
501 2973 537 3017 ita
558 2971 722 3018 Germanicam
737 2968 833 3016 Latinis
846 2984 944 3016 cremare
954 2970 1037 3018 voluit.
1071 2968 1162 3016 Utrum
1172 2968 1224 3016 haec

185 3086 187 3091 ,
224 3034 346 3082 sententia
357 3050 413 3082 vera
425 3034 464 3092 sit,
478 3034 554 3082 lector
566 3035 636 3082 facile
647 3035 726 3082 dicat:
744 3034 789 3082 boc
802 3041 866 3082 certe
877 3034 995 3096 comperti
1006 3041 1050 3094 est,
1063 3033 1224 3081 Scholiastem

227 3099 368 3148 Germanici
378 3114 456 3162 usque
468 3099 526 3146 adeo
538 3099 569 3147 ad
580 3100 680 3147 verbum
691 3099 880 3148 Eratosthenem
892 3106 1024 3161 sequutum
1034 3106 1063 3147 ut
1072 3099 1098 3146 iu
1110 3098 1223 3147 omnibus

224 3165 275 3212 fere
285 3164 353 3221 locis,
367 3164 474 3212 siderum
484 3164 593 3212 numeris
600 3172 625 3212 et
632 3164 771 3212 nominibus
782 3163 934 3222 conveniant,
946 3172 1018 3227 atque
1029 3165 1103 3212 etiarn
1114 3163 1224 3211 ubicum-

225 3245 273 3292 que
284 3229 348 3277 inter
359 3245 385 3277 se
396 3229 489 3277 venant
499 3229 525 3277 hi
537 3229 585 3277 duo
596 3229 731 3293 scriptores,
748 3243 820 3276 causa
832 3229 863 3276 sit
873 3229 900 3276 in
910 3229 1022 3291 imperito
1033 3228 1163 3286 imitatore,
1181 3228 1224 3290 qui

225 3294 422 3351 Eratosthenem,
450 3295 536 3342 Graece
557 3294 710 3351 scribentem,
737 3294 820 3344 minus
842 3293 995 3342 intellexerit.
1031 3293 1106 3342 Stilus
1127 3307 1225 3356 quoque

225 3359 303 3407 nostri
314 3359 455 3407 Scholiasta:
467 3375 495 3406 ae
506 3374 584 3421 genus
594 3359 717 3422 loquendi,
735 3359 822 3407 merito
838 3375 895 3406 eum
912 3359 937 3406 iu
955 3359 1097 3407 deteriorem
1117 3359 1222 3420 Linguae

225 3423 322 3478 Latinae
335 3432 432 3472 aetatem
446 3423 562 3486 relegant
598 3425 739 3487 Sequuntur
749 3422 831 3472 breves
843 3424 955 3486 quaedem
967 3425 1152 3480 observationes,
1163 3439 1223 3485 quas

224 3489 313 3554 partim
332 3489 495 3552 suppeditavit
512 3489 606 3537 amicus
623 3505 693 3538 meus
712 3490 744 3537 G.
764 3489 906 3550 Burgesius,
926 3489 1014 3552 partim
1032 3489 1093 3537 mibi
1112 3487 1222 3536 libellum

225 3569 309 3604 meum
320 3554 460 3603 retractanti
470 3554 517 3611 bic,
530 3555 576 3602 etsi
586 3555 647 3603 levis
658 3555 757 3617 quidem
767 3554 894 3610 momenti,
904 3554 982 3601 visum
995 3561 1032 3602 est
1043 3555 1183 3616 adjungere.

256 3617 367 3681 Paper.
387 3619 437 3666 Sub
448 3619 537 3667 torrido
549 3620 649 3683 quidam
666 3620 780 3676 habitare,
799 3618 858 3682 etc]
876 3618 1039 3667 bohemiam
1055 3620 1106 3666 sive
1125 3619 1223 3675 incolas,

225 3699 282 3746 quie
292 3699 339 3732 vox
351 3691 406 3732 ente
416 3684 518 3732 modum
528 3685 676 3734 infinitivum
687 3684 795 3733 hahitare
806 3685 896 3732 omissa
906 3684 965 3732 satis
975 3684 1005 3732 de
1017 3699 1068 3731 aevo
1081 3683 1223 3731 Scholiastae

226 3749 363 3811 argumenti
379 3750 483 3812 praebet:
501 3749 586 3798 eadem
597 3766 636 3798 res
646 3752 675 3799 de
686 3750 771 3798 eedem
781 3765 840 3798 voce
851 3751 953 3801 duarum
964 3747 1091 3797 intervallo
1101 3747 1223 3796 linearum

224 3814 313 3862 iterum
325 3814 438 3864 notanda.

257 3875 319 3942 Pap.
327 3879 367 3927 29.
385 3879 457 3927 “Sed
469 3885 493 3926 et
505 3879 590 3928 Crates
601 3881 708 3928 comicus
721 3877 740 3928 A
754 3878 823 3928 Vesta
838 3879 954 3941 incipiens
963 3884 986 3926 et
992 3879 1088 3941 profari
1105 3875 1221 3940 carmine]

225 3943 274 3992 Pro
288 3943 372 3992 Crates
382 3943 431 4006 legi
443 3944 514 3993 debet
525 3945 647 3992 Cratinus.
680 3944 798 3992 Similiter
808 3945 834 3992 in
847 3944 932 4007 Cygno
944 3948 950 3970 ⁸
961 3943 1044 3992 Crates
1056 3943 1223 4005 trapecitarum

224 4007 344 4072 scriptor!
360 4008 512 4057 Valckenaer
519 4009 549 4056 ad
558 4010 643 4058 Phoen.
652 4009 699 4060 447
708 4009 860 4058 emendavit‘
870 4009 981 4060 Cratinus
988 4009 1168 4065 comediarum,'
1177 4008 1222 4056 &c

226 4073 319 4144 Versus
331 4073 425 4122 Comici
435 4074 489 4133 fuit,
497 4075 590 4138 opinor,
599 4076 650 4137 Ἀφ’
663 4072 768 4132 Ἑστίας
779 4071 921 4138 ἀρχόμενος
932 4070 973 4121 ὧδ’
984 4069 1056 4138 ᾅδειν
1066 4071 1131 4138 μέλη
1141 4091 1146 4121 :
1158 4071 1223 4120 unde
