<?xml version="1.0" encoding="UTF-8"?>
<!DOCTYPE html PUBLIC "-//W3C//DTD XHTML 1.0 Transitional//EN"
    "http://www.w3.org/TR/xhtml1/DTD/xhtml1-transitional.dtd">
<html xmlns="http://www.w3.org/1999/xhtml" xml:lang="en" lang="en">
 <head>
  <title>
</title>
<meta http-equiv="Content-Type" content="text/html;charset=utf-8" />
  <meta name='ocr-system' content='tesseract 3.04.00' />
  <meta name='ocr-capabilities' content='ocr_page ocr_carea ocr_par ocr_line ocrx_word'/>
</head>
<body>
  <div class='ocr_page' id='page_1' title='image "./reliquiquextant00orelgoog_0174.png"; bbox 0 0 2902 4838; ppageno 0'>
   <div class='ocr_carea' id='block_1_1' title="bbox 518 554 1210 604">
    <p class='ocr_par' dir='ltr' id='par_1_1' title="bbox 518 554 1210 604">
     <span class='ocr_line' id='line_1_1' title="bbox 518 554 1210 604; baseline -0.003 0"><span class='ocrx_word' id='word_1_1' title='bbox 518 569 554 604; x_wconf 81' lang='lat' dir='ltr'>an</span> <span class='ocrx_word' id='word_1_2' title='bbox 567 567 746 604; x_wconf 74' lang='lat' dir='ltr'>runuousua</span> <span class='ocrx_word' id='word_1_3' title='bbox 758 568 876 604; x_wconf 69' lang='lat' dir='ltr'>aaaron.</span> <span class='ocrx_word' id='word_1_4' title='bbox 1149 554 1210 602; x_wconf 80' lang='lat' dir='ltr'>lxxv</span> 
     </span>
    </p>
   </div>
   <div class='ocr_carea' id='block_1_2' title="bbox 158 691 1214 4132">
    <p class='ocr_par' dir='ltr' id='par_1_2' title="bbox 194 691 1211 1082">
     <span class='ocr_line' id='line_1_2' title="bbox 206 691 1210 758; baseline 0 -16"><span class='ocrx_word' id='word_1_5' title='bbox 206 695 277 743; x_wconf 80' lang='lat' dir='ltr'>stella</span> <span class='ocrx_word' id='word_1_6' title='bbox 288 701 343 742; x_wconf 80' lang='lat' dir='ltr'>auat</span> <span class='ocrx_word' id='word_1_7' title='bbox 353 691 412 754; x_wconf 84' lang='lat' dir='ltr'>VII,</span> <span class='ocrx_word' id='word_1_8' title='bbox 424 708 484 757; x_wconf 77' lang='lat' dir='ltr'>qaas</span> <span class='ocrx_word' id='word_1_9' title='bbox 494 693 610 758; x_wconf 71' lang='lat' dir='ltr'>Verytlias</span> <span class='ocrx_word' id='word_1_10' title='bbox 620 697 706 753; x_wconf 78' lang='lat' dir='ltr'>nostri,</span> <span class='ocrx_word' id='word_1_11' title='bbox 728 694 805 744; x_wconf 73' lang='lat' dir='ltr'>Grati</span> <span class='ocrx_word' id='word_1_12' title='bbox 813 701 893 743; x_wconf 82' lang='lat' dir='ltr'>actem</span> <span class='ocrx_word' id='word_1_13' title='bbox 906 691 1014 743; x_wconf 82' lang='lat' dir='ltr'>Pleiades</span> <span class='ocrx_word' id='word_1_14' title='bbox 1023 696 1210 758; x_wconf 71' lang='lat' dir='ltr'>appellaverunt.</span> 
     </span>
     <span class='ocr_line' id='line_1_3' title="bbox 207 759 1210 824; baseline 0 -16"><span class='ocrx_word' id='word_1_15' title='bbox 207 759 243 808; x_wconf 87' lang='lat' dir='ltr'>Et</span> <span class='ocrx_word' id='word_1_16' title='bbox 263 763 414 824; x_wconf 80' lang='lat' dir='ltr'>Anonymus,</span> <span class='ocrx_word' id='word_1_17' title='bbox 431 759 501 821; x_wconf 80' lang='lat' dir='ltr'>cujus</span> <span class='ocrx_word' id='word_1_18' title='bbox 513 759 582 808; x_wconf 86' lang='lat' dir='ltr'>locus</span> <span class='ocrx_word' id='word_1_19' title='bbox 600 766 637 807; x_wconf 90' lang='lat' dir='ltr'>est</span> <span class='ocrx_word' id='word_1_20' title='bbox 652 759 764 819; x_wconf 87' lang='lat' dir='ltr'>mutilus,</span> <span class='ocrx_word' id='word_1_21' title='bbox 782 760 845 823; x_wconf 90' lang='lat' dir='ltr'>quod</span> <span class='ocrx_word' id='word_1_22' title='bbox 858 759 935 808; x_wconf 86' lang='lat' dir='ltr'>miror</span> <span class='ocrx_word' id='word_1_23' title='bbox 945 775 994 807; x_wconf 89' lang='lat' dir='ltr'>non</span> <span class='ocrx_word' id='word_1_24' title='bbox 1006 760 1210 818; x_wconf 82' lang='lat' dir='ltr'>animadversum,</span> 
     </span>
     <span class='ocr_line' id='line_1_4' title="bbox 194 822 1209 888; baseline 0 -16"><span class='ocrx_word' id='word_1_25' title='bbox 194 822 370 872; x_wconf 65' lang='lat' dir='ltr'>adoratione</span> <span class='ocrx_word' id='word_1_26' title='bbox 382 827 447 871; x_wconf 70' lang='lat' dir='ltr'>saort</span> <span class='ocrx_word' id='word_1_27' title='bbox 458 826 572 887; x_wconf 80' lang='lat' dir='ltr'>usquead</span> <span class='ocrx_word' id='word_1_28' title='bbox 582 825 609 872; x_wconf 80' lang='lat' dir='ltr'>ta</span> <span class='ocrx_word' id='word_1_29' title='bbox 619 826 682 888; x_wconf 83' lang='lat' dir='ltr'>qaod</span> <span class='ocrx_word' id='word_1_30' title='bbox 689 830 775 887; x_wconf 82' lang='lat' dir='ltr'><em>septem</em></span> <span class='ocrx_word' id='word_1_31' title='bbox 784 824 857 873; x_wconf 82' lang='lat' dir='ltr'>stella</span> <span class='ocrx_word' id='word_1_32' title='bbox 866 830 930 882; x_wconf 83' lang='lat' dir='ltr'>suat,</span> <span class='ocrx_word' id='word_1_33' title='bbox 948 839 1006 888; x_wconf 84' lang='lat' dir='ltr'>qaas</span> <span class='ocrx_word' id='word_1_34' title='bbox 1019 826 1115 888; x_wconf 84' lang='lat' dir='ltr'>quidam</span> <span class='ocrx_word' id='word_1_35' title='bbox 1126 827 1209 874; x_wconf 82' lang='lat' dir='ltr'>Pleia-</span> 
     </span>
     <span class='ocr_line' id='line_1_5' title="bbox 208 887 1210 953; baseline 0.001 -16"><span class='ocrx_word' id='word_1_36' title='bbox 208 890 247 937; x_wconf 85' lang='lat' dir='ltr'>des</span> <span class='ocrx_word' id='word_1_37' title='bbox 266 891 356 938; x_wconf 65' lang='lat' dir='ltr'>simunt.</span> <span class='ocrx_word' id='word_1_38' title='bbox 390 889 440 937; x_wconf 86' lang='lat' dir='ltr'>Ubi</span> <span class='ocrx_word' id='word_1_39' title='bbox 457 892 544 936; x_wconf 73' lang='lat' dir='ltr'>excisio</span> <span class='ocrx_word' id='word_1_40' title='bbox 562 889 638 938; x_wconf 82' lang='lat' dir='ltr'>Tauri</span> <span class='ocrx_word' id='word_1_41' title='bbox 656 898 694 937; x_wconf 88' lang='lat' dir='ltr'>est</span> <span class='ocrx_word' id='word_1_42' title='bbox 710 889 776 953; x_wconf 80' lang='grc' dir='ltr'>τομὴ</span> <span class='ocrx_word' id='word_1_43' title='bbox 790 887 881 953; x_wconf 76' lang='grc' dir='ltr'><strong>τάυρυ.</strong></span> <span class='ocrx_word' id='word_1_44' title='bbox 916 890 1009 937; x_wconf 78' lang='lat' dir='ltr'><strong>Aratus</strong></span> <span class='ocrx_word' id='word_1_45' title='bbox 1020 892 1110 948; x_wconf 65' lang='lat' dir='ltr'>aaut,</span> <span class='ocrx_word' id='word_1_46' title='bbox 1128 890 1210 948; x_wconf 74' lang='grc' dir='ltr'><strong>Λοξὸς</strong></span> 
     </span>
     <span class='ocr_line' id='line_1_6' title="bbox 208 951 1211 1018; baseline 0.005 -18"><span class='ocrx_word' id='word_1_47' title='bbox 208 953 256 1017; x_wconf 80' lang='grc' dir='ltr'>μὲν</span> <span class='ocrx_word' id='word_1_48' title='bbox 273 952 379 1018; x_wconf 80' lang='grc' dir='ltr'><strong>ταύροιο</strong></span> <span class='ocrx_word' id='word_1_49' title='bbox 396 953 463 1017; x_wconf 80' lang='grc' dir='ltr'>τομὴ</span> <span class='ocrx_word' id='word_1_50' title='bbox 481 951 648 1002; x_wconf 62' lang='lat' dir='ltr'>&amp;aorisia-aa</span> <span class='ocrx_word' id='word_1_51' title='bbox 659 953 740 1002; x_wconf 73' lang='lat' dir='ltr'>abacti</span> <span class='ocrx_word' id='word_1_52' title='bbox 757 953 857 1018; x_wconf 75' lang='grc' dir='ltr'><strong>Ὠρίων.</strong></span> <span class='ocrx_word' id='word_1_53' title='bbox 892 953 1211 1006; x_wconf 76' lang='lat' dir='ltr'>Gu.-SCH.—Peana</span> 
     </span>
     <span class='ocr_line' id='line_1_7' title="bbox 207 1017 922 1082; baseline 0.001 -15"><span class='ocrx_word' id='word_1_54' title='bbox 207 1017 319 1081; x_wconf 78' lang='lat' dir='ltr'>reddant]</span> <span class='ocrx_word' id='word_1_55' title='bbox 332 1020 362 1066; x_wconf 89' lang='lat' dir='ltr'>de</span> <span class='ocrx_word' id='word_1_56' title='bbox 373 1033 397 1081; x_wconf 77' lang='lat' dir='ltr'>g.</span> <span class='ocrx_word' id='word_1_57' title='bbox 408 1019 472 1080; x_wconf 90' lang='lat' dir='ltr'>conj.</span> <span class='ocrx_word' id='word_1_58' title='bbox 483 1018 519 1066; x_wconf 86' lang='lat' dir='ltr'>sb.</span> <span class='ocrx_word' id='word_1_59' title='bbox 534 1021 616 1081; x_wconf 79' lang='lat' dir='ltr'>pinca</span> <span class='ocrx_word' id='word_1_60' title='bbox 628 1020 726 1069; x_wconf 77' lang='lat' dir='ltr'>redeant</span> <span class='ocrx_word' id='word_1_61' title='bbox 737 1019 922 1082; x_wconf 58' lang='lat' dir='ltr'>Buca-ou.</span> 
     </span>
    </p>

    <p class='ocr_par' dir='ltr' id='par_1_3' title="bbox 241 1081 1209 1196">
     <span class='ocr_line' id='line_1_8' title="bbox 241 1081 1209 1196; baseline 0.003 -64"><span class='ocrx_word' id='word_1_62' title='bbox 241 1084 297 1196; x_wconf 40' lang='lat' dir='ltr'>gig„</span> <span class='ocrx_word' id='word_1_63' title='bbox 319 1082 397 1132; x_wconf 79' lang='lat' dir='ltr'>Tauri</span> <span class='ocrx_word' id='word_1_64' title='bbox 416 1081 577 1146; x_wconf 76' lang='lat' dir='ltr'>capnoscc&#39;tor]</span> <span class='ocrx_word' id='word_1_65' title='bbox 597 1083 627 1131; x_wconf 88' lang='lat' dir='ltr'>de</span> <span class='ocrx_word' id='word_1_66' title='bbox 638 1098 662 1146; x_wconf 82' lang='lat' dir='ltr'>g.</span> <span class='ocrx_word' id='word_1_67' title='bbox 673 1085 736 1146; x_wconf 88' lang='lat' dir='ltr'>conj.</span> <span class='ocrx_word' id='word_1_68' title='bbox 749 1086 786 1136; x_wconf 86' lang='lat' dir='ltr'>sb.</span> <span class='ocrx_word' id='word_1_69' title='bbox 814 1083 894 1134; x_wconf 70' lang='lat' dir='ltr'>Tauri</span> <span class='ocrx_word' id='word_1_70' title='bbox 910 1089 933 1133; x_wconf 84' lang='lat' dir='ltr'>et</span> <span class='ocrx_word' id='word_1_71' title='bbox 948 1087 1095 1148; x_wconf 73' lang='lat' dir='ltr'>copaoscc&#39;tur</span> <span class='ocrx_word' id='word_1_72' title='bbox 1111 1083 1209 1149; x_wconf 87' lang='lat' dir='ltr'>BEGg.</span> 
     </span>
    </p>

    <p class='ocr_par' dir='ltr' id='par_1_4' title="bbox 208 1211 1214 2638">
     <span class='ocr_line' id='line_1_9' title="bbox 241 1211 1211 1277; baseline 0 -14"><span class='ocrx_word' id='word_1_73' title='bbox 241 1212 297 1264; x_wconf 80' lang='lat'>714.</span> <span class='ocrx_word' id='word_1_74' title='bbox 314 1211 394 1260; x_wconf 76' lang='lat' dir='ltr'>Ficus</span> <span class='ocrx_word' id='word_1_75' title='bbox 401 1216 423 1258; x_wconf 88' lang='lat' dir='ltr'>ct</span> <span class='ocrx_word' id='word_1_76' title='bbox 433 1214 460 1259; x_wconf 81' lang='lat' dir='ltr'>in</span> <span class='ocrx_word' id='word_1_77' title='bbox 470 1211 553 1275; x_wconf 80' lang='lat' dir='ltr'>curru]</span> <span class='ocrx_word' id='word_1_78' title='bbox 568 1211 630 1260; x_wconf 85' lang='lat' dir='ltr'>Haec</span> <span class='ocrx_word' id='word_1_79' title='bbox 642 1228 700 1261; x_wconf 91' lang='lat' dir='ltr'>oum</span> <span class='ocrx_word' id='word_1_80' title='bbox 710 1213 828 1277; x_wconf 75' lang='lat' dir='ltr'><strong>proximis</strong></span> <span class='ocrx_word' id='word_1_81' title='bbox 838 1213 917 1262; x_wconf 86' lang='lat' dir='ltr'>verbis</span> <span class='ocrx_word' id='word_1_82' title='bbox 928 1220 1047 1277; x_wconf 83' lang='lat' dir='ltr'>pugnant.</span> <span class='ocrx_word' id='word_1_83' title='bbox 1081 1214 1211 1266; x_wconf 84' lang='lat' dir='ltr'><strong>Quomodo</strong></span> 
     </span>
     <span class='ocr_line' id='line_1_10' title="bbox 209 1277 1212 1341; baseline 0.002 -15"><span class='ocrx_word' id='word_1_84' title='bbox 209 1278 276 1326; x_wconf 89' lang='lat' dir='ltr'>enim</span> <span class='ocrx_word' id='word_1_85' title='bbox 294 1278 320 1325; x_wconf 91' lang='lat' dir='ltr'>in</span> <span class='ocrx_word' id='word_1_86' title='bbox 338 1292 412 1325; x_wconf 89' lang='lat' dir='ltr'>curru</span> <span class='ocrx_word' id='word_1_87' title='bbox 429 1277 482 1324; x_wconf 81' lang='lat' dir='ltr'>sine</span> <span class='ocrx_word' id='word_1_88' title='bbox 502 1277 611 1325; x_wconf 85' lang='lat' dir='ltr'>cunibus</span> <span class='ocrx_word' id='word_1_89' title='bbox 631 1277 723 1326; x_wconf 78' lang='lat' dir='ltr'>feratur</span> <span class='ocrx_word' id='word_1_90' title='bbox 741 1279 854 1341; x_wconf 71' lang='lat' dir='ltr'>Auriga?</span> <span class='ocrx_word' id='word_1_91' title='bbox 889 1281 965 1327; x_wconf 75' lang='lat' dir='ltr'>Ficus</span> <span class='ocrx_word' id='word_1_92' title='bbox 980 1285 1058 1328; x_wconf 83' lang='lat' dir='ltr'>estex</span> <span class='ocrx_word' id='word_1_93' title='bbox 1070 1279 1155 1339; x_wconf 82' lang='lat' dir='ltr'>Arato,</span> <span class='ocrx_word' id='word_1_94' title='bbox 1168 1277 1212 1328; x_wconf 90' lang='lat' dir='ltr'>sed</span> 
     </span>
     <span class='ocr_line' id='line_1_11' title="bbox 208 1341 1211 1406; baseline 0.004 -16"><span class='ocrx_word' id='word_1_95' title='bbox 208 1343 310 1390; x_wconf 80' lang='lat' dir='ltr'>metiore</span> <span class='ocrx_word' id='word_1_96' title='bbox 319 1342 346 1390; x_wconf 91' lang='lat' dir='ltr'>in</span> <span class='ocrx_word' id='word_1_97' title='bbox 358 1341 419 1389; x_wconf 87' lang='lat' dir='ltr'><strong>loco.</strong></span> <span class='ocrx_word' id='word_1_98' title='bbox 452 1341 500 1390; x_wconf 88' lang='lat' dir='ltr'>Pro</span> <span class='ocrx_word' id='word_1_99' title='bbox 519 1345 547 1390; x_wconf 80' lang='lat' dir='ltr'>ia</span> <span class='ocrx_word' id='word_1_100' title='bbox 564 1357 637 1390; x_wconf 74' lang='lat' dir='ltr'>cartu</span> <span class='ocrx_word' id='word_1_101' title='bbox 656 1343 787 1404; x_wconf 85' lang='lat' dir='ltr'>legendum</span> <span class='ocrx_word' id='word_1_102' title='bbox 807 1346 928 1393; x_wconf 80' lang='lat' dir='ltr'>incurvus.</span> <span class='ocrx_word' id='word_1_103' title='bbox 962 1343 1043 1406; x_wconf 78' lang='lat' dir='ltr'>Igitur</span> <span class='ocrx_word' id='word_1_104' title='bbox 1055 1345 1122 1394; x_wconf 87' lang='lat' dir='ltr'>hand</span> <span class='ocrx_word' id='word_1_105' title='bbox 1138 1345 1211 1394; x_wconf 88' lang='lat' dir='ltr'>dubie</span> 
     </span>
     <span class='ocr_line' id='line_1_12' title="bbox 209 1407 1212 1472; baseline 0.003 -17"><span class='ocrx_word' id='word_1_106' title='bbox 209 1408 284 1455; x_wconf 83' lang='lat' dir='ltr'>etism</span> <span class='ocrx_word' id='word_1_107' title='bbox 300 1421 343 1469; x_wconf 90' lang='lat' dir='ltr'>pro</span> <span class='ocrx_word' id='word_1_108' title='bbox 355 1407 425 1468; x_wconf 69' lang='lat' dir='ltr'>fisso</span> <span class='ocrx_word' id='word_1_109' title='bbox 443 1409 522 1465; x_wconf 81' lang='lat' dir='ltr'>nicos,</span> <span class='ocrx_word' id='word_1_110' title='bbox 541 1422 599 1454; x_wconf 86' lang='lat' dir='ltr'>nam</span> <span class='ocrx_word' id='word_1_111' title='bbox 618 1413 643 1454; x_wconf 86' lang='lat' dir='ltr'>et</span> <span class='ocrx_word' id='word_1_112' title='bbox 660 1409 732 1456; x_wconf 82' lang='lat' dir='ltr'>nixus</span> <span class='ocrx_word' id='word_1_113' title='bbox 749 1415 774 1457; x_wconf 87' lang='lat' dir='ltr'>et</span> <span class='ocrx_word' id='word_1_114' title='bbox 789 1408 906 1456; x_wconf 84' lang='lat' dir='ltr'>incurvus</span> <span class='ocrx_word' id='word_1_115' title='bbox 923 1415 960 1456; x_wconf 88' lang='lat' dir='ltr'>est</span> <span class='ocrx_word' id='word_1_116' title='bbox 976 1409 1102 1472; x_wconf 82' lang='lat' dir='ltr'>Myrtilus.</span> <span class='ocrx_word' id='word_1_117' title='bbox 1134 1409 1212 1458; x_wconf 75' lang='lat' dir='ltr'>Ficus</span> 
     </span>
     <span class='ocr_line' id='line_1_13' title="bbox 209 1472 1212 1536; baseline 0.002 -16"><span class='ocrx_word' id='word_1_118' title='bbox 209 1479 292 1521; x_wconf 88' lang='lat' dir='ltr'>autem</span> <span class='ocrx_word' id='word_1_119' title='bbox 308 1473 338 1520; x_wconf 82' lang='lat' dir='ltr'>ab</span> <span class='ocrx_word' id='word_1_120' title='bbox 358 1472 440 1534; x_wconf 86' lang='lat' dir='ltr'>inepto</span> <span class='ocrx_word' id='word_1_121' title='bbox 460 1486 491 1519; x_wconf 87' lang='lat' dir='ltr'>ex</span> <span class='ocrx_word' id='word_1_122' title='bbox 507 1472 584 1520; x_wconf 86' lang='lat' dir='ltr'>Arato</span> <span class='ocrx_word' id='word_1_123' title='bbox 603 1472 742 1522; x_wconf 88' lang='lat' dir='ltr'>confictum.</span> <span class='ocrx_word' id='word_1_124' title='bbox 777 1473 836 1522; x_wconf 80' lang='lat' dir='ltr'>Sine</span> <span class='ocrx_word' id='word_1_125' title='bbox 855 1473 962 1522; x_wconf 77' lang='lat' dir='ltr'>curribus</span> <span class='ocrx_word' id='word_1_126' title='bbox 979 1473 1043 1536; x_wconf 81' lang='lat' dir='ltr'>illis]</span> <span class='ocrx_word' id='word_1_127' title='bbox 1061 1475 1144 1536; x_wconf 82' lang='lat' dir='ltr'>Lege:</span> <span class='ocrx_word' id='word_1_128' title='bbox 1161 1476 1212 1522; x_wconf 74' lang='lat' dir='ltr'>sim</span> 
     </span>
     <span class='ocr_line' id='line_1_14' title="bbox 210 1535 1212 1602; baseline 0.005 -18"><span class='ocrx_word' id='word_1_129' title='bbox 210 1537 316 1584; x_wconf 79' lang='lat' dir='ltr'>curribus</span> <span class='ocrx_word' id='word_1_130' title='bbox 332 1537 397 1584; x_wconf 79' lang='lat' dir='ltr'>aliia.</span> <span class='ocrx_word' id='word_1_131' title='bbox 434 1535 525 1599; x_wconf 86' lang='lat' dir='ltr'>Supra:</span> <span class='ocrx_word' id='word_1_132' title='bbox 544 1537 585 1585; x_wconf 85' lang='lat' dir='ltr'>Sic</span> <span class='ocrx_word' id='word_1_133' title='bbox 596 1537 758 1586; x_wconf 69' lang='lat' dir='ltr'>callistratus.</span> <span class='ocrx_word' id='word_1_134' title='bbox 791 1539 886 1586; x_wconf 83' lang='lat' dir='ltr'>Caetera</span> <span class='ocrx_word' id='word_1_135' title='bbox 904 1539 939 1586; x_wconf 85' lang='lat' dir='ltr'>ita</span> <span class='ocrx_word' id='word_1_136' title='bbox 955 1538 1074 1602; x_wconf 84' lang='lat' dir='ltr'>legenda:</span> <span class='ocrx_word' id='word_1_137' title='bbox 1094 1538 1212 1589; x_wconf 72' lang='lat' dir='ltr'><strong><em>Trahitur</em></strong></span> 
     </span>
     <span class='ocr_line' id='line_1_15' title="bbox 209 1600 1212 1668; baseline 0.004 -18"><span class='ocrx_word' id='word_1_138' title='bbox 209 1604 260 1650; x_wconf 78' lang='lat' dir='ltr'>siaa</span> <span class='ocrx_word' id='word_1_139' title='bbox 272 1600 388 1652; x_wconf 76' lang='lat' dir='ltr'>,curribus</span> <span class='ocrx_word' id='word_1_140' title='bbox 406 1601 463 1649; x_wconf 79' lang='lat' dir='ltr'>callis</span> <span class='ocrx_word' id='word_1_141' title='bbox 481 1600 607 1664; x_wconf 77' lang='lat' dir='ltr'>Myrtilus.</span> <span class='ocrx_word' id='word_1_142' title='bbox 641 1602 718 1650; x_wconf 84' lang='lat' dir='ltr'>Haud</span> <span class='ocrx_word' id='word_1_143' title='bbox 737 1609 811 1662; x_wconf 76' lang='lat' dir='ltr'>totam</span> <span class='ocrx_word' id='word_1_144' title='bbox 829 1617 924 1660; x_wconf 62' lang='lat' dir='ltr'>carnosa</span> <span class='ocrx_word' id='word_1_145' title='bbox 940 1619 988 1651; x_wconf 81' lang='lat' dir='ltr'>aaa</span> <span class='ocrx_word' id='word_1_146' title='bbox 1003 1607 1094 1666; x_wconf 68' lang='lat' dir='ltr'>intepet</span> <span class='ocrx_word' id='word_1_147' title='bbox 1112 1606 1160 1668; x_wconf 81' lang='lat' dir='ltr'>ipse</span> <span class='ocrx_word' id='word_1_148' title='bbox 1178 1604 1212 1654; x_wconf 82' lang='lat' dir='ltr'>In</span> 
     </span>
     <span class='ocr_line' id='line_1_16' title="bbox 210 1665 1212 1731; baseline 0.003 -17"><span class='ocrx_word' id='word_1_149' title='bbox 210 1665 375 1715; x_wconf 82' lang='lat' dir='ltr'>calumredit.</span> <span class='ocrx_word' id='word_1_150' title='bbox 406 1667 439 1714; x_wconf 79' lang='lat' dir='ltr'>Aa</span> <span class='ocrx_word' id='word_1_151' title='bbox 452 1681 513 1728; x_wconf 84' lang='lat' dir='ltr'>pars</span> <span class='ocrx_word' id='word_1_152' title='bbox 530 1668 627 1716; x_wconf 74' lang='lat' dir='ltr'>dcatm</span> <span class='ocrx_word' id='word_1_153' title='bbox 645 1670 759 1731; x_wconf 73' lang='lat' dir='ltr'>marqitnr</span> <span class='ocrx_word' id='word_1_154' title='bbox 777 1669 855 1716; x_wconf 66' lang='lat' dir='ltr'>uada.</span> <span class='ocrx_word' id='word_1_155' title='bbox 887 1667 969 1716; x_wconf 84' lang='lat' dir='ltr'>Antea</span> <span class='ocrx_word' id='word_1_156' title='bbox 979 1668 1119 1730; x_wconf 82' lang='lat' dir='ltr'>legebatur:</span> <span class='ocrx_word' id='word_1_157' title='bbox 1137 1669 1212 1730; x_wconf 77' lang='lat' dir='ltr'>Myr·</span> 
     </span>
     <span class='ocr_line' id='line_1_17' title="bbox 211 1732 1211 1797; baseline 0.005 -19"><span class='ocrx_word' id='word_1_158' title='bbox 211 1732 275 1788; x_wconf 80' lang='lat' dir='ltr'>titas,</span> <span class='ocrx_word' id='word_1_159' title='bbox 295 1736 338 1778; x_wconf 81' lang='lat' dir='ltr'>aut</span> <span class='ocrx_word' id='word_1_160' title='bbox 357 1736 432 1778; x_wconf 84' lang='lat' dir='ltr'>totam</span> <span class='ocrx_word' id='word_1_161' title='bbox 450 1747 553 1789; x_wconf 64' lang='lat' dir='ltr'>amnena,</span> <span class='ocrx_word' id='word_1_162' title='bbox 573 1746 626 1779; x_wconf 75' lang='lat' dir='ltr'>coam</span> <span class='ocrx_word' id='word_1_163' title='bbox 636 1735 718 1780; x_wconf 74' lang='lat' dir='ltr'>interit</span> <span class='ocrx_word' id='word_1_164' title='bbox 728 1735 808 1796; x_wconf 82' lang='lat' dir='ltr'>ipsam</span> <span class='ocrx_word' id='word_1_165' title='bbox 818 1732 850 1780; x_wconf 77' lang='lat' dir='ltr'>la</span> <span class='ocrx_word' id='word_1_166' title='bbox 861 1733 944 1781; x_wconf 74' lang='lat' dir='ltr'>cahem</span> <span class='ocrx_word' id='word_1_167' title='bbox 957 1734 1027 1793; x_wconf 86' lang='lat' dir='ltr'>redit,</span> <span class='ocrx_word' id='word_1_168' title='bbox 1040 1739 1062 1781; x_wconf 86' lang='lat' dir='ltr'>ct</span> <span class='ocrx_word' id='word_1_169' title='bbox 1069 1750 1095 1797; x_wconf 84' lang='lat' dir='ltr'>p.</span> <span class='ocrx_word' id='word_1_170' title='bbox 1108 1733 1132 1781; x_wconf 86' lang='lat' dir='ltr'>d.</span> <span class='ocrx_word' id='word_1_171' title='bbox 1143 1749 1175 1782; x_wconf 87' lang='lat' dir='ltr'>m.</span> <span class='ocrx_word' id='word_1_172' title='bbox 1186 1732 1211 1783; x_wconf 81' lang='lat' dir='ltr'>a.</span> 
     </span>
     <span class='ocr_line' id='line_1_18' title="bbox 213 1795 1212 1848; baseline 0.004 -5"><span class='ocrx_word' id='word_1_173' title='bbox 213 1796 298 1844; x_wconf 79' lang='lat' dir='ltr'>Gnor.</span> <span class='ocrx_word' id='word_1_174' title='bbox 334 1795 424 1843; x_wconf 86' lang='lat' dir='ltr'>Nostra</span> <span class='ocrx_word' id='word_1_175' title='bbox 445 1797 560 1844; x_wconf 82' lang='lat' dir='ltr'>correctio</span> <span class='ocrx_word' id='word_1_176' title='bbox 580 1811 670 1844; x_wconf 86' lang='lat' dir='ltr'>nomen</span> <span class='ocrx_word' id='word_1_177' title='bbox 689 1812 762 1844; x_wconf 87' lang='lat' dir='ltr'>snum</span> <span class='ocrx_word' id='word_1_178' title='bbox 781 1803 869 1845; x_wconf 88' lang='lat' dir='ltr'>tuetur.</span> <span class='ocrx_word' id='word_1_179' title='bbox 903 1798 1015 1846; x_wconf 85' lang='lat' dir='ltr'>Primum</span> <span class='ocrx_word' id='word_1_180' title='bbox 1033 1799 1212 1848; x_wconf 74' lang='lat' dir='ltr'>animalitatis</span> 
     </span>
     <span class='ocr_line' id='line_1_19' title="bbox 210 1860 1211 1944; baseline 0.005 -37"><span class='ocrx_word' id='word_1_181' title='bbox 210 1861 293 1940; x_wconf 75' lang='lat' dir='ltr'>mipns</span> <span class='ocrx_word' id='word_1_182' title='bbox 305 1861 403 1940; x_wconf 51' lang='lat' dir='ltr'>peoedip,</span> <span class='ocrx_word' id='word_1_183' title='bbox 421 1860 516 1940; x_wconf 75' lang='lat' dir='ltr'>Deinde</span> <span class='ocrx_word' id='word_1_184' title='bbox 527 1861 648 1941; x_wconf 74' lang='lat' dir='ltr'>conseptit</span> <span class='ocrx_word' id='word_1_185' title='bbox 663 1860 734 1939; x_wconf 73' lang='lat' dir='ltr'>Arati</span> <span class='ocrx_word' id='word_1_186' title='bbox 745 1861 899 1944; x_wconf 39' lang='lat' dir='ltr'>versui&#39;i&#39;ld:</span> <span class='ocrx_word' id='word_1_187' title='bbox 917 1861 1022 1927; x_wconf 73' lang='grc' dir='ltr'>μοίρῃγε</span> <span class='ocrx_word' id='word_1_188' title='bbox 1038 1862 1087 1927; x_wconf 82' lang='grc' dir='ltr'>μὲν</span> <span class='ocrx_word' id='word_1_189' title='bbox 1104 1862 1150 1944; x_wconf 63' lang='lat' dir='ltr'>adp</span> <span class='ocrx_word' id='word_1_190' title='bbox 1168 1861 1211 1913; x_wconf 75' lang='lat' dir='ltr'>tori</span> 
     </span>
     <span class='ocr_line' id='line_1_20' title="bbox 211 1921 1213 2058; baseline 0.008 -22"><span class='ocrx_word' id='word_1_191' title='bbox 211 1924 422 2054; x_wconf 56' lang='lat' dir='ltr'>{tradidi</span> <span class='ocrx_word' id='word_1_192' title='bbox 429 1921 660 2054; x_wconf 59' lang='grc' dir='ltr'>71111ξέ777</span> <span class='ocrx_word' id='word_1_193' title='bbox 661 1923 735 2056; x_wconf 62' lang='lat'>2235,</span> <span class='ocrx_word' id='word_1_194' title='bbox 748 1927 1122 2058; x_wconf 33' lang='lat' dir='ltr'>iiassikiiaiiiiiitafii.</span> <span class='ocrx_word' id='word_1_195' title='bbox 1132 1935 1213 2044; x_wconf 62' lang='lat' dir='ltr'>‘itt</span> 
     </span>
     <span class='ocr_line' id='line_1_21' title="bbox 211 2055 1213 2117; baseline 0.006 -15"><span class='ocrx_word' id='word_1_196' title='bbox 211 2063 255 2112; x_wconf 87' lang='lat' dir='ltr'>est,</span> <span class='ocrx_word' id='word_1_197' title='bbox 266 2057 397 2117; x_wconf 82' lang='lat' dir='ltr'>interprete</span> <span class='ocrx_word' id='word_1_198' title='bbox 409 2055 503 2112; x_wconf 86' lang='lat' dir='ltr'>Gratia,</span> <span class='ocrx_word' id='word_1_199' title='bbox 522 2071 585 2104; x_wconf 86' lang='lat' dir='ltr'>vers.</span> <span class='ocrx_word' id='word_1_200' title='bbox 597 2055 660 2107; x_wconf 81' lang='lat'><strong>752:</strong></span> <span class='ocrx_word' id='word_1_201' title='bbox 680 2057 755 2114; x_wconf 77' lang='lat' dir='ltr'>Quem</span> <span class='ocrx_word' id='word_1_202' title='bbox 766 2063 844 2105; x_wconf 82' lang='lat' dir='ltr'>tamen</span> <span class='ocrx_word' id='word_1_203' title='bbox 854 2059 919 2108; x_wconf 82' lang='lat' dir='ltr'>baud</span> <span class='ocrx_word' id='word_1_204' title='bbox 930 2064 1004 2106; x_wconf 73' lang='lat' dir='ltr'>tottam</span> <span class='ocrx_word' id='word_1_205' title='bbox 1015 2061 1066 2108; x_wconf 82' lang='lat' dir='ltr'>dtas</span> <span class='ocrx_word' id='word_1_206' title='bbox 1077 2061 1104 2106; x_wconf 82' lang='lat' dir='ltr'>ia</span> <span class='ocrx_word' id='word_1_207' title='bbox 1116 2060 1213 2108; x_wconf 80' lang='lat' dir='ltr'>laminis</span> 
     </span>
     <span class='ocr_line' id='line_1_22' title="bbox 211 2119 1213 2186; baseline 0.006 -19"><span class='ocrx_word' id='word_1_208' title='bbox 211 2135 284 2168; x_wconf 72' lang='lat' dir='ltr'>aaron</span> <span class='ocrx_word' id='word_1_209' title='bbox 301 2119 398 2170; x_wconf 71' lang='lat' dir='ltr'>Touana</span> <span class='ocrx_word' id='word_1_210' title='bbox 409 2121 477 2183; x_wconf 73' lang='lat' dir='ltr'>opit:</span> <span class='ocrx_word' id='word_1_211' title='bbox 497 2119 603 2168; x_wconf 80' lang='lat' dir='ltr'>Geminis</span> <span class='ocrx_word' id='word_1_212' title='bbox 620 2122 661 2168; x_wconf 80' lang='lat' dir='ltr'>aad</span> <span class='ocrx_word' id='word_1_213' title='bbox 679 2125 741 2170; x_wconf 84' lang='lat' dir='ltr'>enim</span> <span class='ocrx_word' id='word_1_214' title='bbox 759 2123 887 2185; x_wconf 73' lang='lat' dir='ltr'>completor·</span> <span class='ocrx_word' id='word_1_215' title='bbox 903 2125 929 2170; x_wconf 81' lang='lat' dir='ltr'>ia</span> <span class='ocrx_word' id='word_1_216' title='bbox 946 2126 1013 2186; x_wconf 78' lang='lat' dir='ltr'>ipsis.</span> <span class='ocrx_word' id='word_1_217' title='bbox 1047 2125 1093 2172; x_wconf 83' lang='lat' dir='ltr'>Sed</span> <span class='ocrx_word' id='word_1_218' title='bbox 1107 2124 1213 2186; x_wconf 78' lang='lat' dir='ltr'>duplices</span> 
     </span>
     <span class='ocr_line' id='line_1_23' title="bbox 211 2183 1214 2252; baseline 0.005 -20"><span class='ocrx_word' id='word_1_219' title='bbox 211 2183 280 2247; x_wconf 82' lang='lat' dir='ltr'>badi,</span> <span class='ocrx_word' id='word_1_220' title='bbox 292 2189 378 2233; x_wconf 80' lang='lat' dir='ltr'>etcum</span> <span class='ocrx_word' id='word_1_221' title='bbox 392 2183 477 2246; x_wconf 78' lang='lat' dir='ltr'>planta</span> <span class='ocrx_word' id='word_1_222' title='bbox 488 2199 561 2248; x_wconf 79' lang='lat' dir='ltr'>capra</span> <span class='ocrx_word' id='word_1_223' title='bbox 571 2188 669 2234; x_wconf 80' lang='lat' dir='ltr'>sinistra</span> <span class='ocrx_word' id='word_1_224' title='bbox 683 2187 743 2234; x_wconf 83' lang='lat' dir='ltr'>Cam</span> <span class='ocrx_word' id='word_1_225' title='bbox 754 2187 809 2235; x_wconf 84' lang='lat' dir='ltr'>bova</span> <span class='ocrx_word' id='word_1_226' title='bbox 819 2203 843 2234; x_wconf 85' lang='lat' dir='ltr'>se</span> <span class='ocrx_word' id='word_1_227' title='bbox 855 2190 948 2236; x_wconf 75' lang='lat' dir='ltr'>tollant.</span> <span class='ocrx_word' id='word_1_228' title='bbox 981 2189 1096 2252; x_wconf 88' lang='lat' dir='ltr'>Denique</span> <span class='ocrx_word' id='word_1_229' title='bbox 1107 2189 1214 2238; x_wconf 86' lang='lat' dir='ltr'>cobaeret</span> 
     </span>
     <span class='ocr_line' id='line_1_24' title="bbox 212 2249 1213 2314; baseline 0.005 -17"><span class='ocrx_word' id='word_1_230' title='bbox 212 2251 296 2299; x_wconf 84' lang='lat' dir='ltr'>oratio.</span> <span class='ocrx_word' id='word_1_231' title='bbox 331 2249 416 2300; x_wconf 80' lang='lat' dir='ltr'>Quum</span> <span class='ocrx_word' id='word_1_232' title='bbox 436 2256 520 2298; x_wconf 84' lang='lat' dir='ltr'>contra</span> <span class='ocrx_word' id='word_1_233' title='bbox 538 2249 617 2297; x_wconf 87' lang='lat' dir='ltr'>Grotii</span> <span class='ocrx_word' id='word_1_234' title='bbox 635 2251 753 2312; x_wconf 84' lang='lat' dir='ltr'>oppositio</span> <span class='ocrx_word' id='word_1_235' title='bbox 764 2267 807 2314; x_wconf 88' lang='lat' dir='ltr'>per</span> <span class='ocrx_word' id='word_1_236' title='bbox 818 2253 963 2314; x_wconf 77' lang='lat' dir='ltr'>particulam</span> <span class='ocrx_word' id='word_1_237' title='bbox 974 2259 1000 2300; x_wconf 91' lang='lat' dir='ltr'>at</span> <span class='ocrx_word' id='word_1_238' title='bbox 1010 2254 1120 2301; x_wconf 82' lang='lat' dir='ltr'>videatur</span> <span class='ocrx_word' id='word_1_239' title='bbox 1129 2253 1213 2303; x_wconf 92' lang='lat' dir='ltr'>locum</span> 
     </span>
     <span class='ocr_line' id='line_1_25' title="bbox 212 2313 1213 2377; baseline 0.005 -15"><span class='ocrx_word' id='word_1_240' title='bbox 212 2315 253 2362; x_wconf 90' lang='lat' dir='ltr'>hio</span> <span class='ocrx_word' id='word_1_241' title='bbox 271 2313 369 2363; x_wconf 88' lang='lat' dir='ltr'>nullum</span> <span class='ocrx_word' id='word_1_242' title='bbox 386 2315 483 2374; x_wconf 80' lang='lat' dir='ltr'>habere,</span> <span class='ocrx_word' id='word_1_243' title='bbox 503 2329 548 2362; x_wconf 88' lang='lat' dir='ltr'>neo</span> <span class='ocrx_word' id='word_1_244' title='bbox 565 2315 659 2377; x_wconf 84' lang='lat' dir='ltr'>reliqua</span> <span class='ocrx_word' id='word_1_245' title='bbox 676 2316 815 2377; x_wconf 85' lang='lat' dir='ltr'>conjectura</span> <span class='ocrx_word' id='word_1_246' title='bbox 832 2317 891 2365; x_wconf 87' lang='lat' dir='ltr'>satis</span> <span class='ocrx_word' id='word_1_247' title='bbox 902 2319 1054 2366; x_wconf 81' lang='lat' dir='ltr'><strong>commodam</strong></span> <span class='ocrx_word' id='word_1_248' title='bbox 1066 2320 1213 2368; x_wconf 83' lang='lat' dir='ltr'>sententiam</span> 
     </span>
     <span class='ocr_line' id='line_1_26' title="bbox 212 2379 1212 2439; baseline 0.005 -13"><span class='ocrx_word' id='word_1_249' title='bbox 212 2379 324 2428; x_wconf 77' lang='lat' dir='ltr'>fundere.</span> <span class='ocrx_word' id='word_1_250' title='bbox 355 2379 442 2427; x_wconf 86' lang='lat' dir='ltr'><strong>Jovem</strong></span> <span class='ocrx_word' id='word_1_251' title='bbox 454 2385 536 2427; x_wconf 87' lang='lat' dir='ltr'>autem</span> <span class='ocrx_word' id='word_1_252' title='bbox 556 2380 665 2428; x_wconf 83' lang='lat' dir='ltr'>Taurum</span> <span class='ocrx_word' id='word_1_253' title='bbox 683 2395 744 2439; x_wconf 87' lang='lat' dir='ltr'>esse,</span> <span class='ocrx_word' id='word_1_254' title='bbox 762 2387 848 2429; x_wconf 90' lang='lat' dir='ltr'>notum</span> <span class='ocrx_word' id='word_1_255' title='bbox 860 2389 897 2430; x_wconf 85' lang='lat' dir='ltr'>est</span> <span class='ocrx_word' id='word_1_256' title='bbox 907 2398 937 2430; x_wconf 85' lang='lat' dir='ltr'>ex</span> <span class='ocrx_word' id='word_1_257' title='bbox 949 2383 1212 2432; x_wconf 66' lang='lat' dir='ltr'>fabula—scta·-</span> 
     </span>
     <span class='ocr_line' id='line_1_27' title="bbox 212 2442 1213 2510; baseline 0.005 -18"><span class='ocrx_word' id='word_1_258' title='bbox 212 2443 289 2492; x_wconf 84' lang='lat' dir='ltr'>Ficas</span> <span class='ocrx_word' id='word_1_259' title='bbox 300 2447 363 2493; x_wconf 82' lang='lat' dir='ltr'>ntia</span> <span class='ocrx_word' id='word_1_260' title='bbox 374 2442 459 2506; x_wconf 81' lang='lat' dir='ltr'>curru]</span> <span class='ocrx_word' id='word_1_261' title='bbox 485 2444 583 2494; x_wconf 82' lang='lat' dir='ltr'>Halma.</span> <span class='ocrx_word' id='word_1_262' title='bbox 602 2443 678 2492; x_wconf 73' lang='lat' dir='ltr'>Fiam</span> <span class='ocrx_word' id='word_1_263' title='bbox 689 2447 747 2493; x_wconf 79' lang='lat' dir='ltr'>etin</span> <span class='ocrx_word' id='word_1_264' title='bbox 759 2461 830 2494; x_wconf 65' lang='lat' dir='ltr'>cuttu</span> <span class='ocrx_word' id='word_1_265' title='bbox 848 2447 961 2510; x_wconf 86' lang='lat' dir='ltr'>BEng.</span> <span class='ocrx_word' id='word_1_266' title='bbox 977 2447 1057 2496; x_wconf 75' lang='lat' dir='ltr'>Ninus</span> <span class='ocrx_word' id='word_1_267' title='bbox 1069 2452 1213 2497; x_wconf 78' lang='lat' dir='ltr'>etiamracs</span> 
     </span>
     <span class='ocr_line' id='line_1_28' title="bbox 213 2507 1212 2576; baseline 0.006 -20"><span class='ocrx_word' id='word_1_268' title='bbox 213 2525 232 2556; x_wconf 84' lang='lat' dir='ltr'>s.</span> <span class='ocrx_word' id='word_1_269' title='bbox 244 2509 307 2571; x_wconf 84' lang='lat' dir='ltr'>conj.</span> <span class='ocrx_word' id='word_1_270' title='bbox 334 2508 421 2572; x_wconf 89' lang='lat' dir='ltr'>(Ibid.)</span> <span class='ocrx_word' id='word_1_271' title='bbox 441 2507 509 2571; x_wconf 74' lang='lat' dir='ltr'>adis]</span> <span class='ocrx_word' id='word_1_272' title='bbox 534 2509 565 2556; x_wconf 87' lang='lat' dir='ltr'>E.</span> <span class='ocrx_word' id='word_1_273' title='bbox 582 2509 682 2557; x_wconf 83' lang='lat' dir='ltr'>firmans</span> <span class='ocrx_word' id='word_1_274' title='bbox 701 2512 822 2561; x_wconf 86' lang='lat' dir='ltr'>emendat.</span> <span class='ocrx_word' id='word_1_275' title='bbox 835 2527 860 2574; x_wconf 78' lang='lat' dir='ltr'>g.</span> <span class='ocrx_word' id='word_1_276' title='bbox 872 2513 909 2562; x_wconf 87' lang='lat' dir='ltr'>sb.</span> <span class='ocrx_word' id='word_1_277' title='bbox 925 2513 974 2561; x_wconf 82' lang='lat' dir='ltr'>iltis</span> <span class='ocrx_word' id='word_1_278' title='bbox 993 2512 1065 2576; x_wconf 78' lang='lat' dir='ltr'>Bag.</span> <span class='ocrx_word' id='word_1_279' title='bbox 1082 2512 1212 2576; x_wconf 80' lang='lat' dir='ltr'>(Myrtilos</span> 
     </span>
     <span class='ocr_line' id='line_1_29' title="bbox 213 2574 834 2638; baseline 0.003 -16"><span class='ocrx_word' id='word_1_280' title='bbox 213 2574 297 2636; x_wconf 78' lang='lat' dir='ltr'>scripsi</span> <span class='ocrx_word' id='word_1_281' title='bbox 310 2574 453 2622; x_wconf 83' lang='lat' dir='ltr'>constantiae</span> <span class='ocrx_word' id='word_1_282' title='bbox 465 2589 537 2623; x_wconf 85' lang='lat' dir='ltr'>cansa</span> <span class='ocrx_word' id='word_1_283' title='bbox 548 2588 591 2636; x_wconf 86' lang='lat' dir='ltr'>pro</span> <span class='ocrx_word' id='word_1_284' title='bbox 604 2574 834 2638; x_wconf 57' lang='lat' dir='ltr'>Myrsinon-01³„</span> 
     </span>
    </p>

    <p class='ocr_par' dir='ltr' id='par_1_5' title="bbox 212 2637 1213 2882">
     <span class='ocr_line' id='line_1_30' title="bbox 245 2637 1212 2704; baseline 0.002 -17"><span class='ocrx_word' id='word_1_285' title='bbox 245 2639 301 2688; x_wconf 89' lang='grc'><strong>715.</strong></span> <span class='ocrx_word' id='word_1_286' title='bbox 320 2637 409 2701; x_wconf 81' lang='lat' dir='ltr'>Haud]</span> <span class='ocrx_word' id='word_1_287' title='bbox 428 2639 457 2686; x_wconf 91' lang='lat' dir='ltr'>de</span> <span class='ocrx_word' id='word_1_288' title='bbox 468 2653 491 2701; x_wconf 87' lang='lat' dir='ltr'>g.</span> <span class='ocrx_word' id='word_1_289' title='bbox 504 2639 567 2701; x_wconf 86' lang='lat' dir='ltr'>conj.</span> <span class='ocrx_word' id='word_1_290' title='bbox 581 2639 618 2687; x_wconf 87' lang='lat' dir='ltr'>sb.</span> <span class='ocrx_word' id='word_1_291' title='bbox 635 2647 678 2688; x_wconf 85' lang='lat' dir='ltr'>aut</span> <span class='ocrx_word' id='word_1_292' title='bbox 697 2641 793 2704; x_wconf 84' lang='lat' dir='ltr'>BEGg.</span> <span class='ocrx_word' id='word_1_293' title='bbox 820 2639 906 2703; x_wconf 83' lang='lat' dir='ltr'>(ibid.)</span> <span class='ocrx_word' id='word_1_294' title='bbox 924 2639 1014 2703; x_wconf 75' lang='lat' dir='ltr'>carnes]</span> <span class='ocrx_word' id='word_1_295' title='bbox 1039 2640 1069 2688; x_wconf 90' lang='lat' dir='ltr'>de</span> <span class='ocrx_word' id='word_1_296' title='bbox 1080 2657 1105 2702; x_wconf 84' lang='lat' dir='ltr'>g.</span> <span class='ocrx_word' id='word_1_297' title='bbox 1117 2641 1212 2690; x_wconf 89' lang='lat' dir='ltr'>emend.</span> 
     </span>
     <span class='ocr_line' id='line_1_31' title="bbox 213 2703 1212 2768; baseline 0.004 -17"><span class='ocrx_word' id='word_1_298' title='bbox 213 2704 250 2752; x_wconf 88' lang='lat' dir='ltr'>sb.</span> <span class='ocrx_word' id='word_1_299' title='bbox 268 2718 364 2752; x_wconf 78' lang='lat' dir='ltr'>cernens</span> <span class='ocrx_word' id='word_1_300' title='bbox 380 2703 452 2766; x_wconf 83' lang='lat' dir='ltr'>BGg.</span> <span class='ocrx_word' id='word_1_301' title='bbox 470 2719 556 2752; x_wconf 81' lang='lat' dir='ltr'>carneo</span> <span class='ocrx_word' id='word_1_302' title='bbox 575 2719 692 2766; x_wconf 86' lang='lat' dir='ltr'>supersor.</span> <span class='ocrx_word' id='word_1_303' title='bbox 703 2721 723 2753; x_wconf 80' lang='lat' dir='ltr'>a.</span> <span class='ocrx_word' id='word_1_304' title='bbox 737 2706 767 2754; x_wconf 86' lang='lat' dir='ltr'>E.</span> <span class='ocrx_word' id='word_1_305' title='bbox 791 2705 878 2768; x_wconf 89' lang='lat' dir='ltr'>(Ibid.)</span> <span class='ocrx_word' id='word_1_306' title='bbox 896 2721 948 2754; x_wconf 86' lang='lat' dir='ltr'>cam</span> <span class='ocrx_word' id='word_1_307' title='bbox 966 2707 1048 2753; x_wconf 81' lang='lat' dir='ltr'>interit</span> <span class='ocrx_word' id='word_1_308' title='bbox 1063 2705 1152 2768; x_wconf 81' lang='lat' dir='ltr'>ipsam]</span> <span class='ocrx_word' id='word_1_309' title='bbox 1172 2707 1212 2755; x_wconf 87' lang='lat' dir='ltr'>Sic</span> 
     </span>
     <span class='ocr_line' id='line_1_32' title="bbox 212 2769 1213 2881; baseline 0.004 -64"><span class='ocrx_word' id='word_1_310' title='bbox 212 2769 441 2881; x_wconf 56' lang='lat' dir='ltr'>corruptgllpEGg.</span> <span class='ocrx_word' id='word_1_311' title='bbox 466 2784 515 2816; x_wconf 80' lang='lat' dir='ltr'>aon</span> <span class='ocrx_word' id='word_1_312' title='bbox 532 2773 622 2832; x_wconf 72' lang='lat' dir='ltr'>intepet·</span> <span class='ocrx_word' id='word_1_313' title='bbox 639 2773 690 2833; x_wconf 80' lang='lat' dir='ltr'>ipae</span> <span class='ocrx_word' id='word_1_314' title='bbox 704 2771 733 2819; x_wconf 88' lang='lat' dir='ltr'>de</span> <span class='ocrx_word' id='word_1_315' title='bbox 750 2785 774 2834; x_wconf 84' lang='lat' dir='ltr'>g.</span> <span class='ocrx_word' id='word_1_316' title='bbox 787 2771 850 2834; x_wconf 84' lang='lat' dir='ltr'>conj.</span> <span class='ocrx_word' id='word_1_317' title='bbox 860 2771 885 2819; x_wconf 88' lang='lat' dir='ltr'>b.</span> <span class='ocrx_word' id='word_1_318' title='bbox 903 2785 975 2834; x_wconf 85' lang='lat' dir='ltr'>qaum</span> <span class='ocrx_word' id='word_1_319' title='bbox 994 2770 1108 2834; x_wconf 83' lang='lat' dir='ltr'>Jappiter</span> <span class='ocrx_word' id='word_1_320' title='bbox 1125 2774 1174 2832; x_wconf 83' lang='lat' dir='ltr'>ipsc</span> <span class='ocrx_word' id='word_1_321' title='bbox 1192 2787 1213 2821; x_wconf 83' lang='lat' dir='ltr'>s.</span> 
     </span>
     <span class='ocr_line' id='line_1_33' title="bbox 212 2849 366 2882; baseline -0.006 0"><span class='ocrx_word' id='word_1_322' title='bbox 212 2849 257 2882; x_wconf 92' lang='lat' dir='ltr'>con</span> <span class='ocrx_word' id='word_1_323' title='bbox 270 2861 308 2880; x_wconf 92' lang='lat'>.-</span> <span class='ocrx_word' id='word_1_324' title='bbox 361 2868 366 2881; x_wconf 91' lang='lat'>.</span> 
     </span>
    </p>

    <p class='ocr_par' dir='ltr' id='par_1_6' title="bbox 212 2849 1212 3090">
     <span class='ocr_line' id='line_1_34' title="bbox 246 2849 1212 2962; baseline 0.001 -13"><span class='ocrx_word' id='word_1_325' title='bbox 246 2849 301 2949; x_wconf 65' lang='lat'>⁷³16.</span> <span class='ocrx_word' id='word_1_326' title='bbox 319 2897 391 2948; x_wconf 78' lang='lat' dir='ltr'>Redit</span> <span class='ocrx_word' id='word_1_327' title='bbox 401 2903 425 2945; x_wconf 90' lang='lat' dir='ltr'>et</span> <span class='ocrx_word' id='word_1_328' title='bbox 432 2913 491 2959; x_wconf 80' lang='lat' dir='ltr'>pars</span> <span class='ocrx_word' id='word_1_329' title='bbox 502 2897 609 2961; x_wconf 58' lang='lat' dir='ltr'>daura]</span> <span class='ocrx_word' id='word_1_330' title='bbox 630 2899 678 2961; x_wconf 87' lang='lat' dir='ltr'>Gg.</span> <span class='ocrx_word' id='word_1_331' title='bbox 702 2901 765 2948; x_wconf 81' lang='lat' dir='ltr'>rodit</span> <span class='ocrx_word' id='word_1_332' title='bbox 780 2915 839 2962; x_wconf 84' lang='lat' dir='ltr'>pars</span> <span class='ocrx_word' id='word_1_333' title='bbox 857 2901 952 2948; x_wconf 76' lang='lat' dir='ltr'>dextero</span> <span class='ocrx_word' id='word_1_334' title='bbox 964 2898 994 2947; x_wconf 89' lang='grc' dir='ltr'>Β.</span> <span class='ocrx_word' id='word_1_335' title='bbox 1010 2900 1072 2948; x_wconf 80' lang='lat' dir='ltr'>cedit</span> <span class='ocrx_word' id='word_1_336' title='bbox 1084 2900 1212 2962; x_wconf 74' lang='lat' dir='ltr'>(superscr-</span> 
     </span>
     <span class='ocr_line' id='line_1_35' title="bbox 212 2960 1212 3028; baseline 0.002 -17"><span class='ocrx_word' id='word_1_337' title='bbox 212 2967 230 3021; x_wconf 82' lang='lat' dir='ltr'>i,</span> <span class='ocrx_word' id='word_1_338' title='bbox 241 2969 270 3010; x_wconf 88' lang='lat' dir='ltr'>ut</span> <span class='ocrx_word' id='word_1_339' title='bbox 280 2963 326 3011; x_wconf 87' lang='lat' dir='ltr'>sit:</span> <span class='ocrx_word' id='word_1_340' title='bbox 344 2960 424 3020; x_wconf 82' lang='lat' dir='ltr'>rediit)</span> <span class='ocrx_word' id='word_1_341' title='bbox 439 2978 498 3025; x_wconf 82' lang='lat' dir='ltr'>pars</span> <span class='ocrx_word' id='word_1_342' title='bbox 517 2963 599 3011; x_wconf 72' lang='lat' dir='ltr'>dextra</span> <span class='ocrx_word' id='word_1_343' title='bbox 616 2963 671 3025; x_wconf 91' lang='lat' dir='ltr'>(sic)</span> <span class='ocrx_word' id='word_1_344' title='bbox 683 2964 714 3012; x_wconf 87' lang='lat' dir='ltr'>E.</span> <span class='ocrx_word' id='word_1_345' title='bbox 731 2965 800 3024; x_wconf 85' lang='lat' dir='ltr'>redit,</span> <span class='ocrx_word' id='word_1_346' title='bbox 818 2972 845 3014; x_wconf 90' lang='lat' dir='ltr'>at</span> <span class='ocrx_word' id='word_1_347' title='bbox 857 2979 916 3027; x_wconf 83' lang='lat' dir='ltr'>pars</span> <span class='ocrx_word' id='word_1_348' title='bbox 929 2965 1025 3013; x_wconf 70' lang='lat' dir='ltr'>dextera</span> <span class='ocrx_word' id='word_1_349' title='bbox 1037 2965 1067 3012; x_wconf 91' lang='lat' dir='ltr'>de</span> <span class='ocrx_word' id='word_1_350' title='bbox 1078 2979 1102 3025; x_wconf 81' lang='lat' dir='ltr'>g.</span> <span class='ocrx_word' id='word_1_351' title='bbox 1113 2965 1176 3028; x_wconf 88' lang='lat' dir='ltr'>conj.</span> <span class='ocrx_word' id='word_1_352' title='bbox 1187 2966 1212 3017; x_wconf 91' lang='lat' dir='ltr'>b.</span> 
     </span>
     <span class='ocr_line' id='line_1_36' title="bbox 212 3027 575 3090; baseline -0.003 -13"><span class='ocrx_word' id='word_1_353' title='bbox 212 3029 274 3077; x_wconf 83' lang='lat' dir='ltr'>rodit</span> <span class='ocrx_word' id='word_1_354' title='bbox 284 3033 306 3075; x_wconf 85' lang='lat' dir='ltr'>ct</span> <span class='ocrx_word' id='word_1_355' title='bbox 314 3043 372 3090; x_wconf 81' lang='lat' dir='ltr'>pars</span> <span class='ocrx_word' id='word_1_356' title='bbox 384 3029 454 3076; x_wconf 82' lang='lat' dir='ltr'>tertia</span> <span class='ocrx_word' id='word_1_357' title='bbox 465 3027 575 3076; x_wconf 57' lang='lat' dir='ltr'>s.—0Ra</span> 
     </span>
    </p>

    <p class='ocr_par' dir='ltr' id='par_1_7' title="bbox 158 3090 1214 3482">
     <span class='ocr_line' id='line_1_37' title="bbox 246 3090 1214 3158; baseline -0.001 -15"><span class='ocrx_word' id='word_1_358' title='bbox 246 3091 301 3143; x_wconf 89' lang='grc'><strong>717.</strong></span> <span class='ocrx_word' id='word_1_359' title='bbox 324 3092 417 3156; x_wconf 73' lang='lat' dir='ltr'>Efflaqit</span> <span class='ocrx_word' id='word_1_360' title='bbox 433 3090 522 3154; x_wconf 82' lang='lat' dir='ltr'>hadas]</span> <span class='ocrx_word' id='word_1_361' title='bbox 541 3092 617 3154; x_wconf 79' lang='lat' dir='ltr'>Lege,</span> <span class='ocrx_word' id='word_1_362' title='bbox 637 3093 717 3158; x_wconf 63' lang='lat' dir='ltr'>seffora</span> <span class='ocrx_word' id='word_1_363' title='bbox 727 3091 811 3153; x_wconf 83' lang='lat' dir='ltr'>badas,</span> <span class='ocrx_word' id='word_1_364' title='bbox 830 3095 939 3142; x_wconf 85' lang='lat' dir='ltr'>etaltera</span> <span class='ocrx_word' id='word_1_365' title='bbox 950 3109 1038 3142; x_wconf 80' lang='lat' dir='ltr'>versu:</span> <span class='ocrx_word' id='word_1_366' title='bbox 1054 3094 1128 3142; x_wconf 83' lang='lat' dir='ltr'>Laoc</span> <span class='ocrx_word' id='word_1_367' title='bbox 1144 3094 1214 3142; x_wconf 74' lang='lat' dir='ltr'>Jouis</span> 
     </span>
     <span class='ocr_line' id='line_1_38' title="bbox 212 3157 1213 3222; baseline 0 -16"><span class='ocrx_word' id='word_1_368' title='bbox 212 3161 296 3206; x_wconf 75' lang='lat' dir='ltr'>nutrio</span> <span class='ocrx_word' id='word_1_369' title='bbox 315 3157 411 3206; x_wconf 78' lang='lat' dir='ltr'>hamera</span> <span class='ocrx_word' id='word_1_370' title='bbox 429 3157 534 3206; x_wconf 76' lang='lat' dir='ltr'>radiabit</span> <span class='ocrx_word' id='word_1_371' title='bbox 551 3160 644 3220; x_wconf 81' lang='lat' dir='ltr'>inipso</span> <span class='ocrx_word' id='word_1_372' title='bbox 664 3158 722 3219; x_wconf 88' lang='lat' dir='ltr'>(non</span> <span class='ocrx_word' id='word_1_373' title='bbox 741 3159 866 3219; x_wconf 78' lang='lat' dir='ltr'>radiavit.)</span> <span class='ocrx_word' id='word_1_374' title='bbox 905 3159 1030 3222; x_wconf 81' lang='lat' dir='ltr'>Capellam</span> <span class='ocrx_word' id='word_1_375' title='bbox 1048 3175 1104 3222; x_wconf 83' lang='lat' dir='ltr'>quae</span> <span class='ocrx_word' id='word_1_376' title='bbox 1121 3159 1213 3207; x_wconf 85' lang='lat' dir='ltr'><strong>laevum</strong></span> 
     </span>
     <span class='ocr_line' id='line_1_39' title="bbox 213 3222 1211 3287; baseline 0.001 -17"><span class='ocrx_word' id='word_1_377' title='bbox 213 3223 315 3284; x_wconf 84' lang='lat' dir='ltr'>Aurigae</span> <span class='ocrx_word' id='word_1_378' title='bbox 326 3223 457 3270; x_wconf 84' lang='lat' dir='ltr'>humerum</span> <span class='ocrx_word' id='word_1_379' title='bbox 468 3222 569 3279; x_wconf 88' lang='lat' dir='ltr'>obtinet,</span> <span class='ocrx_word' id='word_1_380' title='bbox 587 3222 655 3271; x_wconf 81' lang='lat' dir='ltr'>Jovis</span> <span class='ocrx_word' id='word_1_381' title='bbox 666 3224 786 3272; x_wconf 87' lang='lat' dir='ltr'>nutricem</span> <span class='ocrx_word' id='word_1_382' title='bbox 797 3224 926 3286; x_wconf 84' lang='lat' dir='ltr'>perhiberi,</span> <span class='ocrx_word' id='word_1_383' title='bbox 937 3240 967 3272; x_wconf 85' lang='lat' dir='ltr'>ex</span> <span class='ocrx_word' id='word_1_384' title='bbox 978 3227 1062 3280; x_wconf 84' lang='lat' dir='ltr'>Arato,</span> <span class='ocrx_word' id='word_1_385' title='bbox 1074 3225 1127 3287; x_wconf 88' lang='lat' dir='ltr'>ejus</span> <span class='ocrx_word' id='word_1_386' title='bbox 1137 3223 1211 3272; x_wconf 85' lang='lat' dir='ltr'>inter-</span> 
     </span>
     <span class='ocr_line' id='line_1_40' title="bbox 213 3287 1211 3350; baseline 0.001 -15"><span class='ocrx_word' id='word_1_387' title='bbox 213 3289 329 3350; x_wconf 89' lang='lat' dir='ltr'>pretibus,</span> <span class='ocrx_word' id='word_1_388' title='bbox 342 3287 517 3350; x_wconf 83' lang='lat' dir='ltr'>Mythologicis</span> <span class='ocrx_word' id='word_1_389' title='bbox 526 3293 549 3334; x_wconf 86' lang='lat' dir='ltr'>et</span> <span class='ocrx_word' id='word_1_390' title='bbox 560 3287 613 3350; x_wconf 91' lang='lat' dir='ltr'>ipso</span> <span class='ocrx_word' id='word_1_391' title='bbox 625 3287 752 3336; x_wconf 79' lang='lat' dir='ltr'>Lactantio</span> <span class='ocrx_word' id='word_1_392' title='bbox 764 3296 858 3337; x_wconf 83' lang='lat' dir='ltr'>notum.</span> <span class='ocrx_word' id='word_1_393' title='bbox 892 3289 1018 3348; x_wconf 78' lang='lat' dir='ltr'>Manilius,</span> <span class='ocrx_word' id='word_1_394' title='bbox 1030 3289 1072 3337; x_wconf 88' lang='lat' dir='ltr'>lib.</span> <span class='ocrx_word' id='word_1_395' title='bbox 1082 3289 1104 3337; x_wconf 92' lang='lat'>1.</span> <span class='ocrx_word' id='word_1_396' title='bbox 1116 3305 1140 3336; x_wconf 84' lang='lat' dir='ltr'>v.</span> <span class='ocrx_word' id='word_1_397' title='bbox 1149 3289 1211 3337; x_wconf 82' lang='lat'><strong>365:</strong></span> 
     </span>
     <span class='ocr_line' id='line_1_41' title="bbox 213 3352 1211 3418; baseline 0.003 -18"><span class='ocrx_word' id='word_1_398' title='bbox 213 3353 309 3401; x_wconf 80' lang='lat' dir='ltr'>Nobilis</span> <span class='ocrx_word' id='word_1_399' title='bbox 326 3358 349 3399; x_wconf 87' lang='lat' dir='ltr'>at</span> <span class='ocrx_word' id='word_1_400' title='bbox 369 3353 452 3400; x_wconf 82' lang='lat' dir='ltr'>mnndi</span> <span class='ocrx_word' id='word_1_401' title='bbox 472 3354 563 3400; x_wconf 77' lang='lat' dir='ltr'>nutrito</span> <span class='ocrx_word' id='word_1_402' title='bbox 583 3368 637 3414; x_wconf 77' lang='lat' dir='ltr'>repa</span> <span class='ocrx_word' id='word_1_403' title='bbox 660 3352 1122 3418; x_wconf 58' lang='lat' dir='ltr'>Capado.-Gn.-SCH.—mffiret]</span> <span class='ocrx_word' id='word_1_404' title='bbox 1140 3355 1170 3403; x_wconf 82' lang='lat' dir='ltr'>de</span> <span class='ocrx_word' id='word_1_405' title='bbox 1187 3370 1211 3416; x_wconf 79' lang='lat' dir='ltr'>g.</span> 
     </span>
     <span class='ocr_line' id='line_1_42' title="bbox 158 3416 622 3482; baseline -0.002 -16"><span class='ocrx_word' id='word_1_406' title='bbox 158 3419 161 3424; x_wconf 87' lang='lat'>&#39;</span> <span class='ocrx_word' id='word_1_407' title='bbox 213 3419 277 3479; x_wconf 90' lang='lat' dir='ltr'>conj.</span> <span class='ocrx_word' id='word_1_408' title='bbox 290 3419 325 3466; x_wconf 79' lang='lat' dir='ltr'>rb.</span> <span class='ocrx_word' id='word_1_409' title='bbox 341 3417 424 3482; x_wconf 69' lang='lat' dir='ltr'>qffapit</span> <span class='ocrx_word' id='word_1_410' title='bbox 435 3416 622 3479; x_wconf 61' lang='lat' dir='ltr'>Baua-on.</span> 
     </span>
    </p>

    <p class='ocr_par' dir='ltr' id='par_1_8' title="bbox 247 3479 1016 3545">
     <span class='ocr_line' id='line_1_43' title="bbox 247 3479 1016 3545; baseline -0.003 -12"><span class='ocrx_word' id='word_1_411' title='bbox 247 3482 304 3534; x_wconf 88' lang='grc'><strong>718.</strong></span> <span class='ocrx_word' id='word_1_412' title='bbox 321 3479 451 3544; x_wconf 83' lang='lat' dir='ltr'>Radiabit]</span> <span class='ocrx_word' id='word_1_413' title='bbox 469 3481 499 3530; x_wconf 92' lang='lat' dir='ltr'>de</span> <span class='ocrx_word' id='word_1_414' title='bbox 511 3495 536 3544; x_wconf 83' lang='lat' dir='ltr'>g.</span> <span class='ocrx_word' id='word_1_415' title='bbox 549 3482 645 3530; x_wconf 86' lang='lat' dir='ltr'>emend.</span> <span class='ocrx_word' id='word_1_416' title='bbox 657 3482 692 3530; x_wconf 88' lang='lat' dir='ltr'>sb.</span> <span class='ocrx_word' id='word_1_417' title='bbox 710 3483 815 3531; x_wconf 79' lang='lat' dir='ltr'>radiavit</span> <span class='ocrx_word' id='word_1_418' title='bbox 829 3482 1016 3545; x_wconf 60' lang='lat' dir='ltr'>Baua-ort.</span> 
     </span>
    </p>

    <p class='ocr_par' dir='ltr' id='par_1_9' title="bbox 213 3544 1212 3676">
     <span class='ocr_line' id='line_1_44' title="bbox 247 3544 1212 3612; baseline 0.004 -18"><span class='ocrx_word' id='word_1_419' title='bbox 247 3547 302 3599; x_wconf 82' lang='grc'><strong>720.</strong></span> <span class='ocrx_word' id='word_1_420' title='bbox 321 3544 437 3609; x_wconf 72' lang='lat' dir='ltr'>Suroeat]</span> <span class='ocrx_word' id='word_1_421' title='bbox 456 3546 495 3594; x_wconf 87' lang='lat' dir='ltr'>Ita</span> <span class='ocrx_word' id='word_1_422' title='bbox 506 3545 645 3609; x_wconf 85' lang='lat' dir='ltr'>legendum,</span> <span class='ocrx_word' id='word_1_423' title='bbox 657 3562 706 3595; x_wconf 90' lang='lat' dir='ltr'>non</span> <span class='ocrx_word' id='word_1_424' title='bbox 717 3554 803 3612; x_wconf 71' lang='lat' dir='ltr'>carpet,</span> <span class='ocrx_word' id='word_1_425' title='bbox 815 3556 842 3597; x_wconf 89' lang='lat' dir='ltr'>ut</span> <span class='ocrx_word' id='word_1_426' title='bbox 848 3549 874 3596; x_wconf 90' lang='lat' dir='ltr'>in</span> <span class='ocrx_word' id='word_1_427' title='bbox 882 3548 937 3596; x_wconf 86' lang='lat' dir='ltr'>MS.</span> <span class='ocrx_word' id='word_1_428' title='bbox 973 3547 1069 3596; x_wconf 85' lang='lat' dir='ltr'>Clarius</span> <span class='ocrx_word' id='word_1_429' title='bbox 1082 3553 1126 3608; x_wconf 88' lang='lat' dir='ltr'>est,</span> <span class='ocrx_word' id='word_1_430' title='bbox 1137 3564 1212 3610; x_wconf 82' lang='lat' dir='ltr'>quam</span> 
     </span>
     <span class='ocr_line' id='line_1_45' title="bbox 213 3611 1168 3676; baseline 0.002 -15"><span class='ocrx_word' id='word_1_431' title='bbox 213 3618 242 3661; x_wconf 91' lang='lat' dir='ltr'>nt</span> <span class='ocrx_word' id='word_1_432' title='bbox 251 3612 346 3660; x_wconf 85' lang='lat' dir='ltr'>moneri</span> <span class='ocrx_word' id='word_1_433' title='bbox 357 3611 821 3676; x_wconf 73' lang='lat' dir='ltr'>debeat.—Gn.-SCH.—-sarqent]</span> <span class='ocrx_word' id='word_1_434' title='bbox 836 3614 889 3675; x_wconf 85' lang='lat' dir='ltr'>gsb.</span> <span class='ocrx_word' id='word_1_435' title='bbox 906 3619 984 3676; x_wconf 72' lang='lat' dir='ltr'>ano-pet</span> <span class='ocrx_word' id='word_1_436' title='bbox 996 3613 1168 3663; x_wconf 84' lang='lat' dir='ltr'>BEG.-0R.</span> 
     </span>
    </p>

    <p class='ocr_par' dir='ltr' id='par_1_10' title="bbox 207 3675 1213 3934">
     <span class='ocr_line' id='line_1_46' title="bbox 247 3675 1212 3741; baseline 0.003 -15"><span class='ocrx_word' id='word_1_437' title='bbox 247 3678 261 3727; x_wconf 90' lang='grc'><strong>7</strong></span> <span class='ocrx_word' id='word_1_438' title='bbox 264 3679 303 3725; x_wconf 84' lang='grc'><strong>21.</strong></span> <span class='ocrx_word' id='word_1_439' title='bbox 324 3675 406 3725; x_wconf 81' lang='lat' dir='ltr'>Tauro</span> <span class='ocrx_word' id='word_1_440' title='bbox 416 3680 524 3740; x_wconf 73' lang='lat' dir='ltr'>pistrices</span> <span class='ocrx_word' id='word_1_441' title='bbox 533 3680 626 3739; x_wconf 79' lang='lat' dir='ltr'>pariter</span> <span class='ocrx_word' id='word_1_442' title='bbox 636 3679 754 3740; x_wconf 66' lang='lat' dir='ltr'>mistaque</span> <span class='ocrx_word' id='word_1_443' title='bbox 764 3677 882 3741; x_wconf 54' lang='lat' dir='ltr'>rffllqeat</span> <span class='ocrx_word' id='word_1_444' title='bbox 894 3679 1019 3741; x_wconf 70' lang='lat' dir='ltr'>dandaque</span> <span class='ocrx_word' id='word_1_445' title='bbox 1029 3681 1133 3726; x_wconf 81' lang='lat' dir='ltr'>cicinum</span> <span class='ocrx_word' id='word_1_446' title='bbox 1142 3683 1212 3728; x_wconf 69' lang='lat' dir='ltr'>tunic</span> 
     </span>
     <span class='ocr_line' id='line_1_47' title="bbox 207 3740 1212 3806; baseline 0.005 -18"><span class='ocrx_word' id='word_1_447' title='bbox 207 3741 264 3805; x_wconf 84' lang='lat' dir='ltr'>jam</span> <span class='ocrx_word' id='word_1_448' title='bbox 274 3748 352 3790; x_wconf 80' lang='lat' dir='ltr'>cernat</span> <span class='ocrx_word' id='word_1_449' title='bbox 365 3740 409 3805; x_wconf 86' lang='lat' dir='ltr'>B.]</span> <span class='ocrx_word' id='word_1_450' title='bbox 427 3742 494 3804; x_wconf 84' lang='lat' dir='ltr'>Lego</span> <span class='ocrx_word' id='word_1_451' title='bbox 506 3747 530 3789; x_wconf 89' lang='lat' dir='ltr'>et</span> <span class='ocrx_word' id='word_1_452' title='bbox 541 3742 671 3804; x_wconf 80' lang='lat' dir='ltr'>distingue,</span> <span class='ocrx_word' id='word_1_453' title='bbox 683 3743 720 3789; x_wconf 84' lang='lat' dir='ltr'>uti</span> <span class='ocrx_word' id='word_1_454' title='bbox 730 3758 804 3806; x_wconf 85' lang='lat' dir='ltr'>supra</span> <span class='ocrx_word' id='word_1_455' title='bbox 815 3758 956 3806; x_wconf 82' lang='lat' dir='ltr'>expressum</span> <span class='ocrx_word' id='word_1_456' title='bbox 967 3749 1012 3791; x_wconf 87' lang='lat' dir='ltr'>est.</span> <span class='ocrx_word' id='word_1_457' title='bbox 1030 3743 1118 3793; x_wconf 79' lang='lat' dir='ltr'>Gnor.</span> <span class='ocrx_word' id='word_1_458' title='bbox 1155 3746 1212 3793; x_wconf 79' lang='lat' dir='ltr'>Ter-</span> 
     </span>
     <span class='ocr_line' id='line_1_48' title="bbox 213 3806 1213 3871; baseline 0.004 -16"><span class='ocrx_word' id='word_1_459' title='bbox 213 3810 248 3855; x_wconf 77' lang='lat' dir='ltr'>ris</span> <span class='ocrx_word' id='word_1_460' title='bbox 258 3809 350 3855; x_wconf 79' lang='lat' dir='ltr'>vicians</span> <span class='ocrx_word' id='word_1_461' title='bbox 361 3813 398 3855; x_wconf 90' lang='lat' dir='ltr'>est</span> <span class='ocrx_word' id='word_1_462' title='bbox 412 3809 445 3855; x_wconf 84' lang='lat' dir='ltr'>cd</span> <span class='ocrx_word' id='word_1_463' title='bbox 462 3822 569 3856; x_wconf 83' lang='lat' dir='ltr'>occasum</span> <span class='ocrx_word' id='word_1_464' title='bbox 582 3806 1022 3871; x_wconf 77' lang='lat' dir='ltr'>properans.-SCH.-Piotcicis]</span> <span class='ocrx_word' id='word_1_465' title='bbox 1039 3808 1069 3856; x_wconf 90' lang='lat' dir='ltr'>de</span> <span class='ocrx_word' id='word_1_466' title='bbox 1080 3825 1102 3871; x_wconf 86' lang='lat' dir='ltr'>g.</span> <span class='ocrx_word' id='word_1_467' title='bbox 1116 3809 1213 3860; x_wconf 87' lang='lat' dir='ltr'>emend.</span> 
     </span>
     <span class='ocr_line' id='line_1_49' title="bbox 214 3872 571 3934; baseline 0.003 -14"><span class='ocrx_word' id='word_1_468' title='bbox 214 3872 250 3921; x_wconf 88' lang='lat' dir='ltr'>sb.</span> <span class='ocrx_word' id='word_1_469' title='bbox 265 3874 374 3933; x_wconf 77' lang='lat' dir='ltr'>pistrices</span> <span class='ocrx_word' id='word_1_470' title='bbox 384 3872 571 3934; x_wconf 54' lang='lat' dir='ltr'>Basanon.</span> 
     </span>
    </p>

    <p class='ocr_par' dir='ltr' id='par_1_11' title="bbox 248 3935 953 4001">
     <span class='ocr_line' id='line_1_50' title="bbox 248 3935 953 4001; baseline -0.004 -15"><span class='ocrx_word' id='word_1_471' title='bbox 248 3937 304 3986; x_wconf 79' lang='lat'><strong>722.</strong></span> <span class='ocrx_word' id='word_1_472' title='bbox 323 3935 410 3998; x_wconf 76' lang='lat' dir='ltr'>Comae]</span> <span class='ocrx_word' id='word_1_473' title='bbox 428 3937 482 3985; x_wconf 89' lang='lat' dir='ltr'>BE.</span> <span class='ocrx_word' id='word_1_474' title='bbox 495 3943 523 3986; x_wconf 94' lang='lat' dir='ltr'>ut</span> <span class='ocrx_word' id='word_1_475' title='bbox 533 3936 629 3985; x_wconf 84' lang='lat' dir='ltr'>volebat</span> <span class='ocrx_word' id='word_1_476' title='bbox 639 3951 662 3998; x_wconf 88' lang='lat' dir='ltr'>g.</span> <span class='ocrx_word' id='word_1_477' title='bbox 673 3940 708 3984; x_wconf 87' lang='lat' dir='ltr'>sb.</span> <span class='ocrx_word' id='word_1_478' title='bbox 726 3942 802 3986; x_wconf 74' lang='lat' dir='ltr'>censet</span> <span class='ocrx_word' id='word_1_479' title='bbox 814 3937 953 4001; x_wconf 54' lang='lat' dir='ltr'>(ta-ou.</span> 
     </span>
    </p>

    <p class='ocr_par' dir='ltr' id='par_1_12' title="bbox 215 3999 1211 4132">
     <span class='ocr_line' id='line_1_51' title="bbox 215 3999 1210 4066; baseline 0.005 -18"><span class='ocrx_word' id='word_1_480' title='bbox 215 4041 217 4048; x_wconf 94' lang='lat'><em>.</em></span> <span class='ocrx_word' id='word_1_481' title='bbox 248 3999 303 4052; x_wconf 83' lang='lat'><strong>723.</strong></span> <span class='ocrx_word' id='word_1_482' title='bbox 320 4001 356 4049; x_wconf 90' lang='lat' dir='ltr'>Et</span> <span class='ocrx_word' id='word_1_483' title='bbox 373 4017 426 4049; x_wconf 86' lang='lat' dir='ltr'>cam</span> <span class='ocrx_word' id='word_1_484' title='bbox 439 4018 463 4049; x_wconf 80' lang='lat' dir='ltr'>sc</span> <span class='ocrx_word' id='word_1_485' title='bbox 478 4019 501 4064; x_wconf 72' lang='lat'>9.</span> <span class='ocrx_word' id='word_1_486' title='bbox 514 4003 536 4051; x_wconf 87' lang='lat' dir='ltr'>d.</span> <span class='ocrx_word' id='word_1_487' title='bbox 553 4019 578 4065; x_wconf 87' lang='lat' dir='ltr'>p.</span> <span class='ocrx_word' id='word_1_488' title='bbox 593 4005 618 4050; x_wconf 92' lang='lat'>0.</span> <span class='ocrx_word' id='word_1_489' title='bbox 633 4001 658 4048; x_wconf 80' lang='lat'>8.</span> <span class='ocrx_word' id='word_1_490' title='bbox 672 4017 692 4051; x_wconf 82' lang='lat' dir='ltr'>a.</span> <span class='ocrx_word' id='word_1_491' title='bbox 706 4017 727 4050; x_wconf 91' lang='lat' dir='ltr'>o.</span> <span class='ocrx_word' id='word_1_492' title='bbox 747 4003 845 4050; x_wconf 82' lang='lat' dir='ltr'>Gemino</span> <span class='ocrx_word' id='word_1_493' title='bbox 855 4019 875 4052; x_wconf 90' lang='lat' dir='ltr'>r.</span> <span class='ocrx_word' id='word_1_494' title='bbox 886 4001 920 4065; x_wconf 72' lang='lat' dir='ltr'>a]</span> <span class='ocrx_word' id='word_1_495' title='bbox 939 4002 1005 4064; x_wconf 78' lang='lat' dir='ltr'>Lege</span> <span class='ocrx_word' id='word_1_496' title='bbox 1023 4002 1060 4050; x_wconf 87' lang='lat' dir='ltr'>uti</span> <span class='ocrx_word' id='word_1_497' title='bbox 1079 4019 1151 4066; x_wconf 83' lang='lat' dir='ltr'>supro</span> <span class='ocrx_word' id='word_1_498' title='bbox 1169 4019 1210 4054; x_wconf 77' lang='lat' dir='ltr'>ex-</span> 
     </span>
     <span class='ocr_line' id='line_1_52' title="bbox 216 4063 1211 4132; baseline 0.001 -17"><span class='ocrx_word' id='word_1_499' title='bbox 216 4066 398 4129; x_wconf 85' lang='lat' dir='ltr'>scriptumest.</span> <span class='ocrx_word' id='word_1_500' title='bbox 448 4066 547 4126; x_wconf 84' lang='lat' dir='ltr'>Aratus,</span> <span class='ocrx_word' id='word_1_501' title='bbox 570 4082 593 4116; x_wconf 84' lang='lat' dir='ltr'>v.</span> <span class='ocrx_word' id='word_1_502' title='bbox 613 4067 675 4118; x_wconf 73' lang='lat'>724:</span> <span class='ocrx_word' id='word_1_503' title='bbox 702 4065 850 4131; x_wconf 81' lang='grc' dir='ltr'>Ἀμφότεροι</span> <span class='ocrx_word' id='word_1_504' title='bbox 873 4065 898 4121; x_wconf 72' lang='grc' dir='ltr'>δὲ</span> <span class='ocrx_word' id='word_1_505' title='bbox 923 4063 1000 4124; x_wconf 75' lang='grc' dir='ltr'><strong><em>πόδες</em></strong></span> <span class='ocrx_word' id='word_1_506' title='bbox 1021 4065 1211 4132; x_wconf 76' lang='grc' dir='ltr'>καταδυομένου</span> 
     </span>
    </p>
   </div>
   <div class='ocr_carea' id='block_1_3' title="bbox 0 0 1466 4838">
    <p class='ocr_par' dir='ltr' id='par_1_13' title="bbox 0 0 1466 4838">
     <span class='ocr_line' id='line_1_53' title="bbox 0 0 1466 4838; baseline 0 0"><span class='ocrx_word' id='word_1_507' title='bbox 0 0 1466 4838; x_wconf 95' lang='lat' dir='ltr'> </span> 
     </span>
    </p>
   </div>
  </div>
 </body>
</html>
