2868 4848
571 617 720 666 aaaron.
1130 598 1151 662 5

200 759 278 829 Oua
291 759 397 825 media
412 770 460 824 est
477 758 602 839 Helice,
618 761 799 846 subjectum
814 757 934 844 respice
952 755 1123 824 Cancrum.

157 849 206 913 At
220 847 316 932 capiti
327 847 487 912 suberunt
502 846 643 911 Gemini.
690 845 765 913 Qua
778 845 934 930 posterior
948 867 1017 930 pes,
1043 844 1151 893 [⁰¹¹¹¹¹·

160 934 404 1018 Horrcntesque
415 933 510 1018 jubas
526 943 560 997 et
570 932 691 996 fulvrnn
708 954 801 997 cerne
817 930 972 996 Leonem.

159 1019 258 1084 Hunc
274 1019 330 1083 ubi
344 1019 517 1103 contigerit
533 1017 651 1084 Phoebi
665 1018 833 1083 violentior
847 1018 929 1097 axis,
1052 1053 1056 1066 ·
1105 1018 1150 1065 150

159 1107 305 1171 Accensa
318 1105 353 1168 in
370 1104 493 1169 Cancro
500 1106 569 1190 jam
583 1116 653 1168 tum
667 1104 882 1188 geminabitur
897 1115 1009 1182 aestas3

158 1192 251 1256 Tunc
264 1191 404 1277 lymphae
420 1200 546 1271 tenues,
559 1201 637 1255 tunc
652 1201 701 1255 est
715 1190 893 1256 tristissima
905 1190 1011 1268 tellus,

159 1278 205 1342 Et
220 1277 333 1342 densas
347 1277 443 1342 laetus
459 1287 582 1360 segetes
598 1276 679 1340 bene
695 1276 804 1340 condit
819 1287 935 1341 arator.

160 1363 214 1428 Ne
228 1363 309 1427 mihi
324 1373 402 1428 tuno
417 1363 511 1426 remis
525 1363 633 1448 pulset
646 1363 725 1427 vada
736 1362 854 1428 caerula
867 1362 1006 1448 puppis3

160 1449 247 1514 Dem
261 1449 370 1534 potius
383 1449 487 1514 ventis
501 1471 635 1514 excusso
649 1448 721 1513 vela
732 1448 881 1526 rudente,
1106 1451 1151 1498 155

160 1535 397 1620 Excipiamque
408 1534 482 1600 sinu
496 1535 643 1620 zephyris
658 1534 853 1618 spirantibus
868 1557 971 1601 auras.

203 1622 266 1686 Est
280 1621 376 1685 etiam
386 1620 521 1704 Aurigae
528 1621 636 1699 facies,
646 1621 710 1686 sive
720 1619 857 1685 Atthide
866 1631 953 1686 terra
969 1629 1151 1662 sarcasmum.

161 1707 269 1773 Natus
286 1707 527 1784 Erichthonius,
543 1707 600 1793 qui
613 1707 735 1792 primus
751 1707 904 1792 subjuga
918 1705 1013 1772 duxit

162 1794 409 1880 Quadrupedes,
425 1816 484 1858 seu
498 1791 645 1878 Myrtoas
661 1793 866 1858 demersusin
877 1793 980 1858 undas

161 1880 334 1966 Myrtilos:
358 1879 443 1944 hunc
457 1880 565 1964 potius
580 1880 700 1980 species
714 1879 749 1943 in
764 1879 866 1944 sidere
882 1879 1007 1958 reddit3
1107 1881 1153 1928 ¹⁶⁰

163 1965 216 2032 Sic
231 1966 313 2030 nulli
327 1987 450 2043 currus,
466 1965 511 2030 sic
526 1976 630 2050 ruptis
645 1976 781 2030 moestus
791 1965 925 2030 habenis

164 2052 303 2117 Perfidia
320 2051 448 2136 Pelopis
463 2060 588 2137 raptem
603 2052 704 2136 gemit
721 2050 1001 2137 Hippodamiam.-

163 2140 240 2224 Ipse
255 2139 367 2222 ingens
382 2149 580 2202 transversus
594 2138 663 2204 abit
672 2137 753 2204 laeva
770 2137 992 2216 Geminorum,

163 2225 362 2310 Majorisque
379 2223 473 2288 Ursae
488 2233 599 2288 contra
613 2224 772 2288 delabitur
786 2246 852 2288 ora.

163 2311 309 2376 Numina
322 2320 479 2396 praeterea
492 2333 600 2374 secum
615 2309 731 2376 trahit:
754 2332 820 2375 una
833 2318 969 2395 putatur
1109 2311 1154 2359 155

164 2397 290 2462 Nutrix
303 2419 372 2462 esse
386 2396 408 2460 J
409 2397 485 2474 ovis,
501 2397 614 2461 sivero
629 2396 758 2481 Jupiter
771 2396 877 2461 infans

164 2483 276 2549 Ubera
291 2481 428 2549 Cretaeae
442 2482 553 2548 mulsit
568 2483 722 2548 fidissima
732 2505 847 2569 caprae,

165 2569 277 2636 Sidere
297 2592 370 2654 quae
385 2568 469 2634 claro
481 2579 610 2654 gratum
624 2579 763 2634 testatur
777 2569 951 2635 alumnum.

167 2657 262 2722 Hanc
279 2655 402 2740 Auriga
415 2656 550 2720 humero
565 2665 664 2720 totam
681 2656 781 2739 gerit;
805 2665 965 2720 almanus
982 2653 1104 2724 Haedos

165 2743 327 2819 Ostendit,
342 2743 449 2807 nautis
463 2743 629 2807 inimicum
644 2742 743 2820 sidus,
758 2742 815 2806 ubi
827 2741 898 2806 illos
1109 2743 1156 2796 170

168 2829 264 2894 Orbis
279 2829 320 2894 ab
336 2828 465 2893 Oceano
479 2829 578 2894 celsos
592 2829 694 2912 rapit:
717 2827 804 2892 haud
818 2827 916 2892 semel
931 2826 1034 2894 Hoedi

164 2915 185 2979 J
186 2925 324 2980 actatam
332 2914 438 2979 videre
452 2925 554 2980 ratem
567 2925 747 2999 nautasque
761 2924 925 2999 paventes,

167 2999 349 3087 Sparsaque
364 3023 422 3086 per
436 3024 538 3066 saevos
552 3001 746 3066 morientum
761 3021 894 3084 corpore
908 3000 1035 3068 fluctus.

209 3086 344 3172 Aurigae
360 3087 494 3172 pedibus
509 3098 588 3153 trux
602 3087 725 3173 adjacet
736 3087 830 3171 ignea
844 3085 970 3152 Taurus
1057 3095 1157 3129 mm·

166 3171 299 3239 Cornua
311 3173 418 3238 fronte
431 3196 545 3258 gerens
560 3183 593 3237 et
606 3173 731 3238 lucidus
746 3196 801 3237 ore
815 3172 940 3237 minaci.
1111 3176 1157 3228 175

167 3259 358 3326 Quamlibet
371 3261 518 3344 ignarum
533 3260 603 3324 caeli
615 3281 672 3324 sua
684 3259 787 3325 forma
801 3259 938 3336 docebit,

167 3344 213 3410 Et
226 3355 325 3430 caput
339 3355 373 3409 et
387 3346 507 3430 patulae
521 3367 614 3410 nares
629 3357 662 3411 et
677 3368 796 3410 cornua
810 3345 920 3410 Tauri.

167 3431 288 3496 Fronte
303 3432 422 3496 micant
435 3429 577 3516 Hyades
624 3431 709 3498 Qum
725 3453 839 3496 cornus
854 3431 981 3496 flamma
996 3430 1116 3494 sinistri

169 3517 302 3582 Summa
313 3528 414 3595 tenet,
429 3518 599 3582 subithaec
615 3519 726 3582 eadem
740 3518 874 3602 vestigia
888 3517 1003 3582 dextra

169 3604 302 3688 Aurigae
316 3603 484 3689 mediaque
498 3604 577 3689 ligat
592 3605 777 3690 compagine
793 3604 891 3670 divos
1114 3604 1159 3677 180

168 3689 321 3775 Myrtilos
336 3691 482 3755 exoritur
496 3713 621 3756 summo
636 3713 737 3776 quum
751 3691 901 3755 fluctibus
917 3711 982 3768 ore,

169 3776 273 3841 Totus
285 3799 359 3840 cum
374 3776 481 3842 Tauro
495 3777 600 3854 lucet3
623 3777 690 3841 ruit
707 3799 825 3841 oceano
841 3776 906 3841 Bos

171 3861 268 3939 Ante,
284 3884 382 3947 super
396 3873 496 3928 terras
511 3885 612 3948 quum
626 3862 730 3946 fulget
744 3861 895 3948 Myrtilos
910 3885 976 3928 ore.

213 3949 334 4013 Iasides
349 3949 446 4013 etiam
461 3949 574 4016 caelum
585 3972 658 4014 cum
673 3951 808 4032 con'uge
825 3948 974 4033 Cepheus
1047 3957 1124 3987 ⁸⁸⁸⁸⁸
1126 3956 1160 3988 0⁵·

173 4033 328 4100 Ascendit
340 4044 474 4120 totaque
489 4036 601 4113 domo;
626 4036 702 4121 quia
715 3973 844 4120 Jhpiter
858 4044 969 4101 auctor
1115 4034 1160 4082 ¹⁸5

173 4121 234 4186 Est
247 4122 390 4205 generisr
414 4123 553 4207 (prodest
568 4123 715 4207 majestas
743 4144 827 4207 saepe
843 4121 1009 4206 parentis.)
