2868 4848
517 516 659 554 caesario
672 517 797 556 carnin.
1102 511 1104 518 '
1132 501 1160 554 xi

161 645 278 711 Halmae,
297 645 446 699 recensione
464 643 648 709 Sebaubacbii‚
665 643 697 696 V.
709 645 741 697 C.
779 642 847 698 Hac
866 651 996 714 postrema
1014 651 1162 699 asservatis

91 764 95 772 .
160 718 189 770 in
202 715 367 769 Bibliotheca
378 715 561 768 Universitatis
573 714 715 785 Lipsiensis
725 722 805 783 atque
813 715 920 767 omnino
929 723 1033 784 propter
1044 716 1162 784 egregias

161 788 342 840 obscuriorum
360 786 479 838 locorum
495 786 719 854 interpretationes
738 785 892 854 dignissima
912 793 959 851 est,
983 801 1042 854 qua
1080 783 1161 839 ublim‘

157 859 228 928 juris
248 857 301 911 frat
337 857 437 910 Verum
457 863 517 908 ante
537 855 585 907 hos
596 863 647 908 tres
667 873 750 908 anuos
762 871 847 924 quum
858 856 887 908 iu
906 855 1040 910 Ciceronis
1112 856 1163 910 teis

161 929 290 998 permissu
309 928 394 998 ipsius
414 925 589 980 Schaubachii
608 934 635 978 et
658 924 780 980 Sobafcri
800 943 814 978 e
834 925 984 979 doctissima
1005 926 1078 979 illius
1097 941 1163 980 cura

160 997 324 1052 illustrandis
332 1004 477 1067 occupatus
488 996 559 1049 domi
570 1013 629 1048 eam
642 996 773 1062 haberem,
792 996 911 1048 nondum
922 1003 1017 1050 nectus
1028 1005 1080 1050 tres
1090 1013 1163 1050 meos

161 1069 230 1122 cdd.
249 1068 475 1138 prestantissimos
486 1067 519 1119 de
539 1065 697 1120 Germanico
717 1083 823 1136 quoque
837 1066 981 1136 aliquando
992 1066 1093 1120 edendo
1112 1067 1162 1120 mi-

161 1140 233 1191 nime
245 1139 393 1208 cogitabam
404 1155 453 1190 nec
469 1136 617 1207 quidquam
628 1137 689 1190 inde
699 1143 764 1190 tuno
784 1137 908 1219 temporis
919 1137 1043 1207 excerpsi.
1079 1135 1162 1190 Nunc

162 1226 222 1262 vero
233 1225 266 1261 ea
276 1209 317 1262 uti
328 1225 376 1261 nec
387 1207 462 1277 potui
473 1224 559 1276 neque
570 1208 659 1273 volui;
676 1208 782 1273 etenim,
801 1215 848 1260 etsi
867 1206 923 1259 Viri
934 1207 974 1260 illi
985 1207 1164 1274 eruditissimi,

162 1297 218 1348 qua
228 1285 288 1332 tum
306 1278 454 1332 fueruntin
470 1295 514 1330 me
532 1278 703 1346 benignitate,
714 1294 772 1330 eam
790 1295 881 1330 rursus
899 1293 1004 1330 mecum
1016 1278 1163 1332 communi-

162 1349 275 1414 cassant,
286 1349 455 1418 redemptoris
466 1356 554 1402 tamen
566 1349 678 1402 rationes
693 1348 801 1401 minime
812 1365 895 1418 passae
914 1356 1008 1414 essent,
1019 1356 1051 1402 ιιι
1061 1349 1164 1418 integra

162 1437 179 1472 a
189 1436 232 1471 me
244 1419 379 1484 ederetur;
397 1425 431 1485 et,
442 1419 470 1471 in
481 1435 511 1471 eo
529 1420 551 1472 si
563 1419 744 1484 substitissem,
754 1426 786 1472 ιιι
796 1419 896 1489 optima
908 1435 1020 1488 quaque
1031 1418 1093 1472 iude
1104 1419 1164 1472 scli-

162 1506 260 1560 gerem,
271 1506 400 1559 magnum
411 1489 440 1541 id
451 1489 499 1542 toti
510 1489 696 1543 commentario
707 1488 893 1542 detrimentum
913 1488 1081 1559 postmodum
1093 1495 1164 1544 attu-

162 1561 244 1612 lisset

197 1629 279 1690 Quod
299 1629 434 1682 autemad
454 1627 561 1683 Halma
580 1630 716 1700 inceptum
736 1629 838 1694 attinet,
855 1646 890 1681 ex
909 1629 994 1682 amico
1014 1629 1163 1683 Hauthalio

162 1700 311 1754 sciscitatus
331 1717 399 1765 sum,
410 1715 444 1752 an
465 1701 549 1753 critici
567 1699 679 1770 presidii
690 1699 731 1751 illi
751 1698 816 1768 quid
834 1700 887 1752 iam
898 1700 1001 1752 inesset
1038 1700 1161 1770 Inspeoto

161 1772 237 1836 libro,
249 1787 329 1840 quem
349 1769 440 1823 Turici
452 1786 528 1823 nemo
545 1770 632 1834 habet,
642 1769 713 1822 illico
724 1717 858 1839 respondit
867 1769 911 1822 ille
932 1786 1008 1838 aquo
1019 1771 1108 1822 auimo
1118 1787 1161 1824 me

162 1858 193 1895 eo
204 1841 358 1906 cariturum,
369 1847 401 1893 ut
434 1847 461 1893 te
476 1842 522 1910 qui
534 1840 569 1892 ad
579 1840 681 1894 codices
691 1847 769 1892 antea
779 1841 882 1908 ignotos
893 1841 1003 1894 exactus
1014 1855 1067 1892 non
1078 1848 1162 1906 esset·‚

162 1929 246 1966 unam
256 1918 345 1964 tamen
365 1912 399 1962 m'
422 1911 427 1923 '
440 1911 513 1963 misit
529 1911 737 1964 emendationem
748 1911 781 1963 ab
794 1909 896 1963 Halma
914 1911 1098 1980 excogitatam,
1109 1911 1161 1964 uti-

163 1999 216 2051 quc
238 1980 398 2051 probabilem
417 1980 450 2049 (v.
467 1981 537 2050 714.)
558 1981 595 2050 (*)
626 1980 777 2034 Schmidius
797 1980 863 2050 quid
881 1981 1037 2051 praestiterit,
1055 1998 1161 2052 prorsus

162 2053 272 2122 ignoro;
289 2068 423 2120 nusquam
434 2053 503 2104 enim
519 2052 577 2122 ejus
587 2051 717 2117 libellum,
728 2051 776 2104 etsi
795 2051 910 2105 studiose
928 2052 1078 2121 quesitum,
1089 2069 1161 2121 repe-

162 2124 213 2175 rire
258 2122 307 2174 tui.
343 2122 436 2175 Bonus
448 2122 470 2174 si
480 2130 555 2187 esset,
566 2123 659 2190 utique
670 2122 755 2174 notior
765 2129 839 2174 esset.

200 2139 307 2244 Ippem
318 2193 396 2245 unice
407 2193 569 2262 propositum
587 2191 653 2244 mihi
663 2190 724 2256 fuit,
735 2199 767 2244 ιιι
785 2190 936 2244 Gennaniei
947 2191 1106 2260 opuseulum
1118 2191 1162 2246 de-

163 2279 218 2316 nuo
229 2262 264 2315 ad
284 2261 405 2315 codicum
424 2263 606 2316 auctoritatem
626 2279 773 2316 revocarem
790 2268 818 2315 et
836 2262 1011 2332 probabiliter,
1048 2268 1161 2316 uantum

164 2349 236 2385 nunc
255 2332 326 2398 licet,
344 2332 526 2386 emendarem:
544 2333 676 2402 permulta
689 2349 751 2385 sanc
771 2349 857 2401 quum
872 2332 990 2402 plurium
1007 2279 1086 2399 Cdd,
1104 2340 1163 2387 tum

164 2403 321 2472 conjectura
333 2419 381 2472 ope
392 2403 421 2454 in
431 2410 487 2456 tam
506 2403 645 2473 depravato
657 2404 777 2474 poemate
788 2403 900 2472 corriget
912 2403 1057 2473 posteritas.

202 2499 352 2566 (Hactenus
362 2498 476 2554 Orellior
484 2500 515 2552 de
523 2518 568 2552 roeo
579 2522 588 2554 .·
601 2499 798 2570 caedecaditae,
806 2517 837 2551 ee
849 2497 938 2552 Grotie'
942 2498 1096 2570 prefatione
1101 2506 1144 2550 cst.
1146 2500 1163 2568 )

611 2721 718 2736 m

395 2893 437 2945 ΙΙ.
461 2890 662 2946 PRAEFATIO
675 2890 933 2945 SGHWARTZII.

200 3063 244 3116 Gn
249 3077 402 3116 caturcum
415 3064 546 3116 Casarem
557 3062 605 3117 tibi
618 3061 659 3128 do,
670 3063 765 3116 lector
775 3062 907 3128 benevole,
919 3063 1024 3116 diutina
1034 3080 1099 3116 cura
1109 3081 1167 3134 per-

166 3135 277 3204 politum
289 3141 316 3186 et
334 3135 516 3203 prestantium
527 3134 642 3187 virorum
661 3135 729 3186 notis
739 3133 909 3187 illustratum.
947 3133 1079 3202 Indignus
1094 3135 1167 3188 visus

166 3212 203 3258 est
222 3205 402 3257 nobilissimus
414 3205 530 3273 scriptor,
541 3205 588 3273 qui
600 3204 671 3257 ultra
682 3205 767 3257 CXV.
779 3220 882 3257 annum
894 3205 922 3256 in
933 3204 1096 3256 bibliothecis
1107 3205 1166 3257 lati-

166 3278 256 3342 taret†
292 3273 364 3327 Nam
375 3281 547 3344 posteaquam
558 3291 620 3326 eum
640 3274 749 3328 Grotius
768 3275 800 3326 A.
809 3274 882 3342 010.
904 3274 976 3342 100.
988 3273 1078 3340 edidit,
1089 3290 1167 3328 nemo

165 3345 223 3411 luit,
235 3346 283 3414 qui
301 3345 383 3398 situm
401 3346 569 3414 abstergeret,
581 3352 608 3398 et
618 3354 772 3398 ornamenta
793 3345 916 3414 quaedam
936 3344 1049 3397 adderet
1087 3344 1167 3406 Quod

167 3424 309 3484 utrumque
320 3422 409 3468 tamen
421 3415 449 3467 in
479 3415 568 3468 reclivi
579 3422 642 3468 erat.
678 3414 750 3468 Nam
762 3421 789 3468 et
805 3416 902 3468 Aratus
914 3415 1053 3484 diligenter
1063 3432 1168 3484 compa-

167 3493 237 3539 ratus
248 3487 318 3538 viam
330 3485 365 3538 ad
380 3433 589 3538 emendationem
610 3485 761 3538 Germanici
780 3486 876 3550 munit,
888 3493 914 3538 et
925 3485 1022 3538 coelum
1033 3487 1130 3556 ipsum,
1141 3493 1169 3540 ct

167 3564 282 3609 veterum
311 3557 468 3626 scriptorum
493 3555 649 3609 testimonia.
686 3556 849 3625 Quanquam
875 3556 946 3608 enim
974 3572 1168 3625 nonnunquam

166 3625 263 3679 Auctor
274 3633 362 3679 noster
372 3627 406 3678 ab
417 3626 497 3680 Arato
508 3625 634 3679 discedit:
652 3634 741 3680 tamen
752 3627 780 3678 in
792 3627 923 3697 plerisque
931 3643 993 3679 cum
1000 3644 1030 3679 eo
1038 3627 1169 3695 congruit,

167 3697 309 3765 presertim
330 3713 392 3750 cum
412 3697 509 3750 coelum
530 3697 685 3750 concordare
701 3698 786 3767 jubet.
824 3697 953 3750 Praeterea
972 3713 1034 3749 cum
1054 3697 1169 3750 eximius

190 3817 260 3875 *Haec
266 3815 344 3856 scilieet
351 3816 401 3856 dicit
412 3816 484 3865 editor,
492 3816 526 3855 cui
538 3814 607 3856 aditus
620 3816 734 3874 patebatad
748 3816 834 3873 Regiam
846 3815 1002 3854 bibliothecam:
1015 3825 1061 3865 pag.
1072 3814 1128 3855 101.:
1142 3813 1170 3853 Je

167 3876 195 3904 me
202 3877 245 3905 aaa
267 3865 403 3926 {senemr
415 3865 570 3924 coresornrd'oae
582 3871 706 3904 corrcetsons
719 3865 749 3924 de¹
757 3868 842 3924 &otios
850 3865 903 3922 dona
911 3877 942 3924 eea
954 3867 1027 3904 Aratea
1034 3865 1137 3924 otdocellea
1145 3865 1171 3904 dc

166 3915 243 4004 &aba
249 3878 296 3967 due)
303 3926 352 3955 over
360 3917 455 3967 quelques
464 3920 600 3956 restracttons.
626 3916 652 3955 Id
660 3920 698 3964 est,
704 3916 718 3938 “
723 3916 781 3955 Nihil
789 3927 825 3966 ego
838 3915 886 3955 ieci:
897 3920 959 3956 etiem
968 3915 1018 3955 God.
1026 3915 1114 3965 Regium
1122 3925 1171 3965 neg·

189 3994 284 4055 tonores
291 4027 338 4066 quae
347 4014 441 4064 deinceps
449 4015 540 4054 dicemus
