<?xml version="1.0" encoding="UTF-8"?>
<!DOCTYPE html PUBLIC "-//W3C//DTD XHTML 1.0 Transitional//EN"
    "http://www.w3.org/TR/xhtml1/DTD/xhtml1-transitional.dtd">
<html xmlns="http://www.w3.org/1999/xhtml" xml:lang="en" lang="en">
 <head>
  <title>
</title>
<meta http-equiv="Content-Type" content="text/html;charset=utf-8" />
  <meta name='ocr-system' content='tesseract 3.04.00' />
  <meta name='ocr-capabilities' content='ocr_page ocr_carea ocr_par ocr_line ocrx_word'/>
</head>
<body>
  <div class='ocr_page' id='page_1' title='image "./reliquiquextant00orelgoog_0048.png"; bbox 0 0 2868 4848; ppageno 0'>
   <div class='ocr_carea' id='block_1_1' title="bbox 623 579 770 626">
    <p class='ocr_par' dir='ltr' id='par_1_1' title="bbox 623 579 770 626">
     <span class='ocr_line' id='line_1_1' title="bbox 623 579 770 626; baseline 0.014 -2"><span class='ocrx_word' id='word_1_1' title='bbox 623 579 770 626; x_wconf 77' lang='lat' dir='ltr'>ARATEA.</span> 
     </span>
    </p>
   </div>
   <div class='ocr_carea' id='block_1_2' title="bbox 196 721 1203 4160">
    <p class='ocr_par' dir='ltr' id='par_1_2' title="bbox 196 721 903 806">
     <span class='ocr_line' id='line_1_2' title="bbox 196 721 903 806; baseline 0.001 -21"><span class='ocrx_word' id='word_1_2' title='bbox 196 721 339 799; x_wconf 86' lang='lat' dir='ltr'>Alcides,</span> <span class='ocrx_word' id='word_1_3' title='bbox 356 743 467 785; x_wconf 91' lang='lat' dir='ltr'>ausum</span> <span class='ocrx_word' id='word_1_4' title='bbox 484 743 591 785; x_wconf 89' lang='lat' dir='ltr'>morsu</span> <span class='ocrx_word' id='word_1_5' title='bbox 607 722 793 806; x_wconf 89' lang='lat' dir='ltr'>contingere</span> <span class='ocrx_word' id='word_1_6' title='bbox 808 721 903 799; x_wconf 92' lang='lat' dir='ltr'>bello,</span> 
     </span>
    </p>

    <p class='ocr_par' dir='ltr' id='par_1_3' title="bbox 197 806 897 887">
     <span class='ocr_line' id='line_1_3' title="bbox 197 806 897 887; baseline 0.004 -17"><span class='ocrx_word' id='word_1_7' title='bbox 197 808 309 872; x_wconf 88' lang='lat' dir='ltr'>Sidere</span> <span class='ocrx_word' id='word_1_8' title='bbox 324 807 463 885; x_wconf 88' lang='lat' dir='ltr'>donavit,</span> <span class='ocrx_word' id='word_1_9' title='bbox 481 806 614 886; x_wconf 83' lang='lat' dir='ltr'>Cancer,</span> <span class='ocrx_word' id='word_1_10' title='bbox 632 806 782 873; x_wconf 88' lang='lat' dir='ltr'>Satumia</span> <span class='ocrx_word' id='word_1_11' title='bbox 799 808 897 887; x_wconf 89' lang='lat' dir='ltr'>Juno,</span> 
     </span>
    </p>

    <p class='ocr_par' dir='ltr' id='par_1_4' title="bbox 197 892 1047 979">
     <span class='ocr_line' id='line_1_4' title="bbox 197 892 1047 979; baseline 0.006 -23"><span class='ocrx_word' id='word_1_12' title='bbox 197 894 377 978; x_wconf 88' lang='lat' dir='ltr'><strong>Nunquam</strong></span> <span class='ocrx_word' id='word_1_13' title='bbox 392 892 492 958; x_wconf 86' lang='lat' dir='ltr'>oblita</span> <span class='ocrx_word' id='word_1_14' title='bbox 507 895 568 971; x_wconf 90' lang='lat' dir='ltr'>sui,</span> <span class='ocrx_word' id='word_1_15' title='bbox 585 916 752 979; x_wconf 90' lang='lat' dir='ltr'>nunquam</span> <span class='ocrx_word' id='word_1_16' title='bbox 768 917 879 959; x_wconf 89' lang='lat' dir='ltr'>secura</span> <span class='ocrx_word' id='word_1_17' title='bbox 893 917 1047 961; x_wconf 87' lang='lat' dir='ltr'>novercae.</span> 
     </span>
    </p>

    <p class='ocr_par' dir='ltr' id='par_1_5' title="bbox 197 975 1175 1066">
     <span class='ocr_line' id='line_1_5' title="bbox 197 975 1175 1066; baseline 0.004 -24"><span class='ocrx_word' id='word_1_18' title='bbox 197 977 286 1042; x_wconf 89' lang='lat' dir='ltr'>Hinc</span> <span class='ocrx_word' id='word_1_19' title='bbox 303 975 475 1043; x_wconf 87' lang='lat' dir='ltr'>Nemeaeus</span> <span class='ocrx_word' id='word_1_20' title='bbox 490 980 552 1044; x_wconf 90' lang='lat' dir='ltr'>erit</span> <span class='ocrx_word' id='word_1_21' title='bbox 562 982 662 1066; x_wconf 85' lang='lat' dir='ltr'>juxta</span> <span class='ocrx_word' id='word_1_22' title='bbox 677 979 763 1058; x_wconf 86' lang='lat' dir='ltr'>Le03</span> <span class='ocrx_word' id='word_1_23' title='bbox 788 991 858 1044; x_wconf 90' lang='lat' dir='ltr'>tum</span> <span class='ocrx_word' id='word_1_24' title='bbox 874 981 927 1066; x_wconf 86' lang='lat' dir='ltr'>pia</span> <span class='ocrx_word' id='word_1_25' title='bbox 942 981 1063 1066; x_wconf 89' lang='lat' dir='ltr'>Virgo;</span> <span class='ocrx_word' id='word_1_26' title='bbox 1165 986 1175 1010; x_wconf 78' lang='lat'><em>&#39;</em></span> 
     </span>
    </p>

    <p class='ocr_par' dir='ltr' id='par_1_6' title="bbox 198 1064 1027 1151">
     <span class='ocr_line' id='line_1_6' title="bbox 198 1064 1027 1151; baseline 0.005 -23"><span class='ocrx_word' id='word_1_27' title='bbox 198 1064 346 1150; x_wconf 92' lang='lat' dir='ltr'>Scorpios</span> <span class='ocrx_word' id='word_1_28' title='bbox 361 1065 435 1129; x_wconf 91' lang='lat' dir='ltr'>hinc</span> <span class='ocrx_word' id='word_1_29' title='bbox 451 1066 549 1150; x_wconf 91' lang='lat' dir='ltr'>duplo</span> <span class='ocrx_word' id='word_1_30' title='bbox 565 1088 662 1150; x_wconf 84' lang='lat' dir='ltr'>quam</span> <span class='ocrx_word' id='word_1_31' title='bbox 677 1077 781 1130; x_wconf 89' lang='lat' dir='ltr'>cetera</span> <span class='ocrx_word' id='word_1_32' title='bbox 795 1067 936 1151; x_wconf 86' lang='lat' dir='ltr'><strong>possidet</strong></span> <span class='ocrx_word' id='word_1_33' title='bbox 951 1069 1027 1132; x_wconf 87' lang='lat' dir='ltr'>orbe</span> 
     </span>
    </p>

    <p class='ocr_par' dir='ltr' id='par_1_7' title="bbox 198 1149 997 1237">
     <span class='ocr_line' id='line_1_7' title="bbox 198 1149 997 1237; baseline 0.004 -22"><span class='ocrx_word' id='word_1_34' title='bbox 198 1149 323 1229; x_wconf 84' lang='lat' dir='ltr'>Sidera,</span> <span class='ocrx_word' id='word_1_35' title='bbox 339 1174 396 1236; x_wconf 90' lang='lat' dir='ltr'>per</span> <span class='ocrx_word' id='word_1_36' title='bbox 413 1151 527 1216; x_wconf 88' lang='lat' dir='ltr'><strong>Chelas</strong></span> <span class='ocrx_word' id='word_1_37' title='bbox 543 1152 706 1236; x_wconf 86' lang='lat' dir='ltr'>geminato</span> <span class='ocrx_word' id='word_1_38' title='bbox 721 1152 842 1216; x_wconf 91' lang='lat' dir='ltr'>lumine</span> <span class='ocrx_word' id='word_1_39' title='bbox 859 1153 997 1237; x_wconf 89' lang='lat' dir='ltr'>fulgens,</span> 
     </span>
    </p>

    <p class='ocr_par' dir='ltr' id='par_1_8' title="bbox 199 1236 967 1322">
     <span class='ocr_line' id='line_1_8' title="bbox 199 1236 967 1322; baseline 0.001 -20"><span class='ocrx_word' id='word_1_40' title='bbox 199 1236 307 1303; x_wconf 83' lang='lat' dir='ltr'><strong>Quem</strong></span> <span class='ocrx_word' id='word_1_41' title='bbox 323 1237 401 1300; x_wconf 88' lang='lat' dir='ltr'>mihi</span> <span class='ocrx_word' id='word_1_42' title='bbox 417 1238 500 1301; x_wconf 88' lang='lat' dir='ltr'>Diva</span> <span class='ocrx_word' id='word_1_43' title='bbox 515 1249 609 1302; x_wconf 85' lang='lat' dir='ltr'>canet</span> <span class='ocrx_word' id='word_1_44' title='bbox 624 1238 708 1302; x_wconf 91' lang='lat' dir='ltr'>dicto</span> <span class='ocrx_word' id='word_1_45' title='bbox 723 1238 812 1322; x_wconf 92' lang='lat' dir='ltr'>prius</span> <span class='ocrx_word' id='word_1_46' title='bbox 829 1238 967 1318; x_wconf 83' lang='lat' dir='ltr'>Orione3</span> 
     </span>
    </p>

    <p class='ocr_par' dir='ltr' id='par_1_9' title="bbox 199 1322 927 1406">
     <span class='ocr_line' id='line_1_9' title="bbox 199 1322 927 1406; baseline 0.003 -20"><span class='ocrx_word' id='word_1_47' title='bbox 199 1322 281 1386; x_wconf 90' lang='lat' dir='ltr'>Inde</span> <span class='ocrx_word' id='word_1_48' title='bbox 299 1322 486 1406; x_wconf 86' lang='lat' dir='ltr'>Sagittifero</span> <span class='ocrx_word' id='word_1_49' title='bbox 500 1335 612 1389; x_wconf 91' lang='lat' dir='ltr'>tentus</span> <span class='ocrx_word' id='word_1_50' title='bbox 627 1323 811 1388; x_wconf 85' lang='lat' dir='ltr'><strong>curvabitur</strong></span> <span class='ocrx_word' id='word_1_51' title='bbox 825 1346 927 1403; x_wconf 90' lang='lat' dir='ltr'>arcus,</span> 
     </span>
    </p>

    <p class='ocr_par' dir='ltr' id='par_1_10' title="bbox 198 1409 1192 1495">
     <span class='ocr_line' id='line_1_10' title="bbox 198 1409 1192 1495; baseline 0.001 -19"><span class='ocrx_word' id='word_1_52' title='bbox 198 1409 279 1486; x_wconf 84' lang='lat' dir='ltr'>Qui,</span> <span class='ocrx_word' id='word_1_53' title='bbox 295 1409 406 1473; x_wconf 88' lang='lat' dir='ltr'>solitus</span> <span class='ocrx_word' id='word_1_54' title='bbox 422 1409 536 1475; x_wconf 87' lang='lat' dir='ltr'><strong>Musas</strong></span> <span class='ocrx_word' id='word_1_55' title='bbox 550 1410 694 1474; x_wconf 88' lang='lat' dir='ltr'>venerari</span> <span class='ocrx_word' id='word_1_56' title='bbox 708 1410 850 1494; x_wconf 84' lang='lat' dir='ltr'>supplice</span> <span class='ocrx_word' id='word_1_57' title='bbox 865 1411 992 1495; x_wconf 74' lang='lat' dir='ltr'>planen,</span> <span class='ocrx_word' id='word_1_58' title='bbox 1145 1415 1192 1464; x_wconf 93' lang='grc'>555</span> 
     </span>
    </p>

    <p class='ocr_par' dir='ltr' id='par_1_11' title="bbox 198 1494 908 1578">
     <span class='ocr_line' id='line_1_11' title="bbox 198 1494 908 1578; baseline 0.004 -20"><span class='ocrx_word' id='word_1_59' title='bbox 198 1495 362 1578; x_wconf 90' lang='lat' dir='ltr'>Acceptus</span> <span class='ocrx_word' id='word_1_60' title='bbox 377 1496 455 1559; x_wconf 90' lang='lat' dir='ltr'>caelo</span> <span class='ocrx_word' id='word_1_61' title='bbox 471 1494 625 1560; x_wconf 87' lang='lat' dir='ltr'>Phoebeis</span> <span class='ocrx_word' id='word_1_62' title='bbox 639 1496 731 1559; x_wconf 88' lang='lat' dir='ltr'>ardet</span> <span class='ocrx_word' id='word_1_63' title='bbox 745 1495 779 1559; x_wconf 91' lang='lat' dir='ltr'>in</span> <span class='ocrx_word' id='word_1_64' title='bbox 796 1497 908 1561; x_wconf 88' lang='lat' dir='ltr'>armis:</span> 
     </span>
    </p>

    <p class='ocr_par' dir='ltr' id='par_1_12' title="bbox 200 1580 879 1666">
     <span class='ocr_line' id='line_1_12' title="bbox 200 1580 879 1666; baseline 0.004 -22"><span class='ocrx_word' id='word_1_65' title='bbox 200 1580 360 1644; x_wconf 91' lang='lat' dir='ltr'>Cochlidis</span> <span class='ocrx_word' id='word_1_66' title='bbox 375 1581 532 1658; x_wconf 91' lang='lat' dir='ltr'>inventor,</span> <span class='ocrx_word' id='word_1_67' title='bbox 548 1583 640 1666; x_wconf 92' lang='lat' dir='ltr'>cujus</span> <span class='ocrx_word' id='word_1_68' title='bbox 655 1580 784 1646; x_wconf 87' lang='lat' dir='ltr'>Titania</span> <span class='ocrx_word' id='word_1_69' title='bbox 798 1581 879 1646; x_wconf 87' lang='lat' dir='ltr'>flatu</span> 
     </span>
    </p>

    <p class='ocr_par' dir='ltr' id='par_1_13' title="bbox 198 1665 872 1745">
     <span class='ocr_line' id='line_1_13' title="bbox 198 1665 872 1745; baseline 0.003 -15"><span class='ocrx_word' id='word_1_70' title='bbox 198 1665 321 1730; x_wconf 88' lang='lat' dir='ltr'>Proelia</span> <span class='ocrx_word' id='word_1_71' title='bbox 335 1669 491 1732; x_wconf 86' lang='lat' dir='ltr'>commisit</span> <span class='ocrx_word' id='word_1_72' title='bbox 506 1667 650 1731; x_wconf 81' lang='lat' dir='ltr'>divorum</span> <span class='ocrx_word' id='word_1_73' title='bbox 664 1668 769 1732; x_wconf 86' lang='lat' dir='ltr'>laetior</span> <span class='ocrx_word' id='word_1_74' title='bbox 784 1679 872 1745; x_wconf 89' lang='lat' dir='ltr'>aetas,</span> 
     </span>
    </p>

    <p class='ocr_par' dir='ltr' id='par_1_14' title="bbox 199 1750 1011 1838">
     <span class='ocr_line' id='line_1_14' title="bbox 199 1750 1011 1838; baseline 0.004 -23"><span class='ocrx_word' id='word_1_75' title='bbox 199 1750 383 1816; x_wconf 88' lang='lat' dir='ltr'>Bellantem</span> <span class='ocrx_word' id='word_1_76' title='bbox 398 1757 548 1817; x_wconf 90' lang='lat' dir='ltr'>comitata</span> <span class='ocrx_word' id='word_1_77' title='bbox 562 1752 685 1832; x_wconf 79' lang='lat' dir='ltr'>lovem,</span> <span class='ocrx_word' id='word_1_78' title='bbox 701 1753 831 1838; x_wconf 87' lang='lat' dir='ltr'>pietatis</span> <span class='ocrx_word' id='word_1_79' title='bbox 845 1754 1011 1832; x_wconf 88' lang='lat' dir='ltr'>honorem,</span> 
     </span>
    </p>

    <p class='ocr_par' dir='ltr' id='par_1_15' title="bbox 201 1837 1196 1925">
     <span class='ocr_line' id='line_1_15' title="bbox 201 1837 1196 1925; baseline 0.004 -25"><span class='ocrx_word' id='word_1_80' title='bbox 201 1837 250 1901; x_wconf 87' lang='lat' dir='ltr'>Ut</span> <span class='ocrx_word' id='word_1_81' title='bbox 264 1837 370 1902; x_wconf 87' lang='lat' dir='ltr'>fuerat</span> <span class='ocrx_word' id='word_1_82' title='bbox 383 1840 529 1922; x_wconf 88' lang='lat' dir='ltr'>geminus</span> <span class='ocrx_word' id='word_1_83' title='bbox 544 1839 655 1917; x_wconf 91' lang='lat' dir='ltr'>forma,</span> <span class='ocrx_word' id='word_1_84' title='bbox 673 1840 716 1903; x_wconf 90' lang='lat' dir='ltr'>sic</span> <span class='ocrx_word' id='word_1_85' title='bbox 732 1840 846 1918; x_wconf 89' lang='lat' dir='ltr'>sidere,</span> <span class='ocrx_word' id='word_1_86' title='bbox 862 1841 957 1925; x_wconf 85' lang='lat' dir='ltr'>cepit.</span> <span class='ocrx_word' id='word_1_87' title='bbox 1148 1841 1196 1890; x_wconf 84' lang='grc'>550</span> 
     </span>
    </p>

    <p class='ocr_par' dir='ltr' id='par_1_16' title="bbox 201 1923 989 2010">
     <span class='ocr_line' id='line_1_16' title="bbox 201 1923 989 2010; baseline 0.004 -24"><span class='ocrx_word' id='word_1_88' title='bbox 201 1923 278 2000; x_wconf 93' lang='lat' dir='ltr'>Hic,</span> <span class='ocrx_word' id='word_1_89' title='bbox 293 1923 452 2008; x_wconf 88' lang='lat' dir='ltr'>Auguste,</span> <span class='ocrx_word' id='word_1_90' title='bbox 469 1938 561 1990; x_wconf 87' lang='lat' dir='ltr'>tuum</span> <span class='ocrx_word' id='word_1_91' title='bbox 574 1925 707 2009; x_wconf 83' lang='lat' dir='ltr'>genitali</span> <span class='ocrx_word' id='word_1_92' title='bbox 721 1948 852 2010; x_wconf 86' lang='lat' dir='ltr'>corpore</span> <span class='ocrx_word' id='word_1_93' title='bbox 868 1948 989 1989; x_wconf 90' lang='lat' dir='ltr'>numen</span> 
     </span>
    </p>

    <p class='ocr_par' dir='ltr' id='par_1_17' title="bbox 201 2009 995 2098">
     <span class='ocr_line' id='line_1_17' title="bbox 201 2009 995 2098; baseline 0.005 -26"><span class='ocrx_word' id='word_1_94' title='bbox 201 2009 370 2074; x_wconf 89' lang='lat' dir='ltr'>Attonitas</span> <span class='ocrx_word' id='word_1_95' title='bbox 384 2012 469 2076; x_wconf 91' lang='lat' dir='ltr'>inter</span> <span class='ocrx_word' id='word_1_96' title='bbox 481 2023 596 2098; x_wconf 88' lang='lat' dir='ltr'>gentes</span> <span class='ocrx_word' id='word_1_97' title='bbox 611 2013 811 2096; x_wconf 87' lang='lat' dir='ltr'>patriamque</span> <span class='ocrx_word' id='word_1_98' title='bbox 826 2023 995 2096; x_wconf 92' lang='lat' dir='ltr'>paventem</span> 
     </span>
    </p>

    <p class='ocr_par' dir='ltr' id='par_1_18' title="bbox 202 2094 953 2162">
     <span class='ocr_line' id='line_1_18' title="bbox 202 2094 953 2162; baseline 0.005 -4"><span class='ocrx_word' id='word_1_99' title='bbox 202 2094 244 2158; x_wconf 93' lang='lat' dir='ltr'>In</span> <span class='ocrx_word' id='word_1_100' title='bbox 259 2095 373 2159; x_wconf 89' lang='lat' dir='ltr'>caelum</span> <span class='ocrx_word' id='word_1_101' title='bbox 388 2098 464 2161; x_wconf 88' lang='lat' dir='ltr'>tulit</span> <span class='ocrx_word' id='word_1_102' title='bbox 480 2110 514 2162; x_wconf 91' lang='lat' dir='ltr'>et</span> <span class='ocrx_word' id='word_1_103' title='bbox 528 2098 681 2161; x_wconf 85' lang='lat' dir='ltr'>maternis</span> <span class='ocrx_word' id='word_1_104' title='bbox 697 2097 834 2161; x_wconf 88' lang='lat' dir='ltr'>reddidit</span> <span class='ocrx_word' id='word_1_105' title='bbox 850 2097 953 2162; x_wconf 91' lang='lat' dir='ltr'>astris.</span> 
     </span>
    </p>

    <p class='ocr_par' dir='ltr' id='par_1_19' title="bbox 202 2181 990 2267">
     <span class='ocr_line' id='line_1_19' title="bbox 202 2181 990 2267; baseline 0.004 -23"><span class='ocrx_word' id='word_1_106' title='bbox 202 2181 386 2260; x_wconf 89' lang='lat' dir='ltr'>Proximus,</span> <span class='ocrx_word' id='word_1_107' title='bbox 402 2183 534 2248; x_wconf 89' lang='lat' dir='ltr'>infestas</span> <span class='ocrx_word' id='word_1_108' title='bbox 550 2183 626 2247; x_wconf 91' lang='lat' dir='ltr'>olim</span> <span class='ocrx_word' id='word_1_109' title='bbox 642 2206 721 2267; x_wconf 88' lang='lat' dir='ltr'>quas</span> <span class='ocrx_word' id='word_1_110' title='bbox 735 2183 863 2266; x_wconf 86' lang='lat' dir='ltr'>fugerat</span> <span class='ocrx_word' id='word_1_111' title='bbox 877 2185 990 2263; x_wconf 93' lang='lat' dir='ltr'>undas,</span> 
     </span>
    </p>

    <p class='ocr_par' dir='ltr' id='par_1_20' title="bbox 202 2265 1197 2352">
     <span class='ocr_line' id='line_1_20' title="bbox 202 2265 1197 2352; baseline 0.004 -22"><span class='ocrx_word' id='word_1_112' title='bbox 202 2265 380 2332; x_wconf 92' lang='lat' dir='ltr'>Deucalion</span> <span class='ocrx_word' id='word_1_113' title='bbox 395 2291 525 2352; x_wconf 89' lang='lat' dir='ltr'>parvam</span> <span class='ocrx_word' id='word_1_114' title='bbox 537 2269 714 2333; x_wconf 89' lang='lat' dir='ltr'>defundens</span> <span class='ocrx_word' id='word_1_115' title='bbox 728 2269 847 2333; x_wconf 83' lang='lat' dir='ltr'>indicat</span> <span class='ocrx_word' id='word_1_116' title='bbox 861 2291 986 2334; x_wconf 90' lang='lat' dir='ltr'>urnam.</span> <span class='ocrx_word' id='word_1_117' title='bbox 1150 2272 1197 2320; x_wconf 86' lang='grc'>555</span> 
     </span>
    </p>

    <p class='ocr_par' dir='ltr' id='par_1_21' title="bbox 202 2352 997 2439">
     <span class='ocr_line' id='line_1_21' title="bbox 202 2352 997 2439; baseline 0.004 -23"><span class='ocrx_word' id='word_1_118' title='bbox 202 2352 323 2417; x_wconf 87' lang='lat' dir='ltr'>Annua</span> <span class='ocrx_word' id='word_1_119' title='bbox 338 2355 532 2419; x_wconf 90' lang='lat' dir='ltr'>concludunt</span> <span class='ocrx_word' id='word_1_120' title='bbox 549 2355 650 2439; x_wconf 87' lang='lat' dir='ltr'>Syriae</span> <span class='ocrx_word' id='word_1_121' title='bbox 666 2356 730 2418; x_wconf 91' lang='lat' dir='ltr'>duo</span> <span class='ocrx_word' id='word_1_122' title='bbox 745 2355 877 2418; x_wconf 88' lang='lat' dir='ltr'>numina</span> <span class='ocrx_word' id='word_1_123' title='bbox 891 2355 997 2420; x_wconf 90' lang='lat' dir='ltr'>Pisces</span> 
     </span>
    </p>

    <p class='ocr_par' dir='ltr' id='par_1_22' title="bbox 201 2437 1058 2525">
     <span class='ocr_line' id='line_1_22' title="bbox 201 2437 1058 2525; baseline 0.005 -23"><span class='ocrx_word' id='word_1_124' title='bbox 201 2437 379 2523; x_wconf 82' lang='lat' dir='ltr'>Tempora3</span> <span class='ocrx_word' id='word_1_125' title='bbox 403 2452 481 2504; x_wconf 85' lang='lat' dir='ltr'>tunc</span> <span class='ocrx_word' id='word_1_126' title='bbox 496 2441 615 2504; x_wconf 90' lang='lat' dir='ltr'>iterum</span> <span class='ocrx_word' id='word_1_127' title='bbox 629 2442 801 2525; x_wconf 86' lang='lat' dir='ltr'>praedictus</span> <span class='ocrx_word' id='word_1_128' title='bbox 815 2442 955 2506; x_wconf 90' lang='lat' dir='ltr'>nascitur</span> <span class='ocrx_word' id='word_1_129' title='bbox 970 2442 1058 2521; x_wconf 93' lang='lat' dir='ltr'>ord0,</span> 
     </span>
    </p>

    <p class='ocr_par' dir='ltr' id='par_1_23' title="bbox 204 2524 1045 2611">
     <span class='ocr_line' id='line_1_23' title="bbox 204 2524 1045 2611; baseline 0.004 -23"><span class='ocrx_word' id='word_1_130' title='bbox 204 2524 357 2609; x_wconf 88' lang='lat' dir='ltr'>Lanigeri</span> <span class='ocrx_word' id='word_1_131' title='bbox 367 2537 400 2590; x_wconf 92' lang='lat' dir='ltr'>et</span> <span class='ocrx_word' id='word_1_132' title='bbox 415 2526 526 2603; x_wconf 89' lang='lat' dir='ltr'>Tauri,</span> <span class='ocrx_word' id='word_1_133' title='bbox 544 2527 768 2604; x_wconf 89' lang='lat' dir='ltr'>Geminorum,</span> <span class='ocrx_word' id='word_1_134' title='bbox 785 2538 897 2611; x_wconf 86' lang='lat' dir='ltr'>postea</span> <span class='ocrx_word' id='word_1_135' title='bbox 914 2527 1045 2606; x_wconf 89' lang='lat' dir='ltr'>Cancri;</span> 
     </span>
    </p>

    <p class='ocr_par' dir='ltr' id='par_1_24' title="bbox 203 2611 1143 2699">
     <span class='ocr_line' id='line_1_24' title="bbox 203 2611 1143 2699; baseline 0.005 -25"><span class='ocrx_word' id='word_1_136' title='bbox 203 2611 296 2675; x_wconf 88' lang='lat' dir='ltr'>Tunc</span> <span class='ocrx_word' id='word_1_137' title='bbox 311 2612 390 2690; x_wconf 90' lang='lat' dir='ltr'>Leo,</span> <span class='ocrx_word' id='word_1_138' title='bbox 407 2624 485 2677; x_wconf 89' lang='lat' dir='ltr'>tunc</span> <span class='ocrx_word' id='word_1_139' title='bbox 499 2612 613 2696; x_wconf 88' lang='lat' dir='ltr'>Virgo,</span> <span class='ocrx_word' id='word_1_140' title='bbox 630 2625 707 2677; x_wconf 89' lang='lat' dir='ltr'>tunc</span> <span class='ocrx_word' id='word_1_141' title='bbox 724 2611 871 2697; x_wconf 89' lang='lat' dir='ltr'>Scorpios</span> <span class='ocrx_word' id='word_1_142' title='bbox 888 2612 1143 2699; x_wconf 84' lang='lat' dir='ltr'>Arcitenensque</span> 
     </span>
    </p>

    <p class='ocr_par' dir='ltr' id='par_1_25' title="bbox 204 2697 1198 2783">
     <span class='ocr_line' id='line_1_25' title="bbox 204 2697 1198 2783; baseline 0.005 -23"><span class='ocrx_word' id='word_1_143' title='bbox 204 2697 251 2760; x_wconf 88' lang='lat' dir='ltr'>Et</span> <span class='ocrx_word' id='word_1_144' title='bbox 265 2699 389 2780; x_wconf 88' lang='lat' dir='ltr'>gelidus</span> <span class='ocrx_word' id='word_1_145' title='bbox 405 2699 618 2783; x_wconf 88' lang='lat' dir='ltr'>Capricornus</span> <span class='ocrx_word' id='word_1_146' title='bbox 634 2710 667 2763; x_wconf 91' lang='lat' dir='ltr'>et</span> <span class='ocrx_word' id='word_1_147' title='bbox 681 2698 835 2763; x_wconf 82' lang='lat' dir='ltr'>imbriferi</span> <span class='ocrx_word' id='word_1_148' title='bbox 850 2698 914 2762; x_wconf 92' lang='lat' dir='ltr'>duo</span> <span class='ocrx_word' id='word_1_149' title='bbox 930 2698 1037 2764; x_wconf 91' lang='lat' dir='ltr'>Pisces</span> <span class='ocrx_word' id='word_1_150' title='bbox 1054 2726 1061 2765; x_wconf 77' lang='grc' dir='ltr'><strong>ι</strong></span> <span class='ocrx_word' id='word_1_151' title='bbox 1150 2699 1198 2753; x_wconf 81' lang='grc'>575</span> 
     </span>
    </p>

    <p class='ocr_par' dir='ltr' id='par_1_26' title="bbox 205 2782 1055 2869">
     <span class='ocr_line' id='line_1_26' title="bbox 205 2782 1055 2869; baseline 0.006 -24"><span class='ocrx_word' id='word_1_152' title='bbox 205 2782 316 2868; x_wconf 88' lang='lat' dir='ltr'>Hujus</span> <span class='ocrx_word' id='word_1_153' title='bbox 332 2796 488 2869; x_wconf 90' lang='lat' dir='ltr'>quantum</span> <span class='ocrx_word' id='word_1_154' title='bbox 505 2785 584 2848; x_wconf 89' lang='lat' dir='ltr'>altas</span> <span class='ocrx_word' id='word_1_155' title='bbox 597 2785 792 2867; x_wconf 85' lang='lat' dir='ltr'>demergitur</span> <span class='ocrx_word' id='word_1_156' title='bbox 804 2784 891 2847; x_wconf 91' lang='lat' dir='ltr'>orbis</span> <span class='ocrx_word' id='word_1_157' title='bbox 903 2785 938 2848; x_wconf 91' lang='lat' dir='ltr'>in</span> <span class='ocrx_word' id='word_1_158' title='bbox 953 2787 1055 2850; x_wconf 92' lang='lat' dir='ltr'>undas</span> 
     </span>
    </p>

    <p class='ocr_par' dir='ltr' id='par_1_27' title="bbox 205 2868 973 2955">
     <span class='ocr_line' id='line_1_27' title="bbox 205 2868 973 2955; baseline 0.005 -23"><span class='ocrx_word' id='word_1_159' title='bbox 205 2868 338 2946; x_wconf 89' lang='lat' dir='ltr'>Oceani,</span> <span class='ocrx_word' id='word_1_160' title='bbox 356 2882 483 2935; x_wconf 88' lang='lat' dir='ltr'>tantum</span> <span class='ocrx_word' id='word_1_161' title='bbox 495 2870 654 2955; x_wconf 91' lang='lat' dir='ltr'>liquidum</span> <span class='ocrx_word' id='word_1_162' title='bbox 669 2893 766 2955; x_wconf 91' lang='lat' dir='ltr'>super</span> <span class='ocrx_word' id='word_1_163' title='bbox 780 2880 854 2935; x_wconf 72' lang='lat' dir='ltr'>abra</span> <span class='ocrx_word' id='word_1_164' title='bbox 867 2870 973 2948; x_wconf 90' lang='lat' dir='ltr'>lucet;</span> 
     </span>
    </p>

    <p class='ocr_par' dir='ltr' id='par_1_28' title="bbox 205 2955 1068 3041">
     <span class='ocr_line' id='line_1_28' title="bbox 205 2955 1068 3041; baseline 0.005 -23"><span class='ocrx_word' id='word_1_165' title='bbox 205 2955 370 3041; x_wconf 90' lang='lat' dir='ltr'>Nullaque</span> <span class='ocrx_word' id='word_1_166' title='bbox 385 2979 454 3020; x_wconf 87' lang='lat' dir='ltr'>nox</span> <span class='ocrx_word' id='word_1_167' title='bbox 467 2956 516 3019; x_wconf 89' lang='lat' dir='ltr'>bis</span> <span class='ocrx_word' id='word_1_168' title='bbox 532 2968 624 3020; x_wconf 90' lang='lat' dir='ltr'>terna</span> <span class='ocrx_word' id='word_1_169' title='bbox 640 2956 743 3020; x_wconf 90' lang='lat' dir='ltr'>minus</span> <span class='ocrx_word' id='word_1_170' title='bbox 758 2956 837 3019; x_wconf 89' lang='lat' dir='ltr'>caelo</span> <span class='ocrx_word' id='word_1_171' title='bbox 852 2956 950 3020; x_wconf 85' lang='lat' dir='ltr'>trahit</span> <span class='ocrx_word' id='word_1_172' title='bbox 966 2968 1068 3037; x_wconf 84' lang='lat' dir='ltr'>astra3</span> 
     </span>
    </p>

    <p class='ocr_par' dir='ltr' id='par_1_29' title="bbox 206 3042 1142 3128">
     <span class='ocr_line' id='line_1_29' title="bbox 206 3042 1142 3128; baseline 0.003 -22"><span class='ocrx_word' id='word_1_173' title='bbox 206 3042 372 3127; x_wconf 89' lang='lat' dir='ltr'>Nullaque</span> <span class='ocrx_word' id='word_1_174' title='bbox 387 3044 489 3127; x_wconf 90' lang='lat' dir='ltr'>major</span> <span class='ocrx_word' id='word_1_175' title='bbox 504 3042 576 3120; x_wconf 89' lang='lat' dir='ltr'>erit,</span> <span class='ocrx_word' id='word_1_176' title='bbox 593 3064 689 3126; x_wconf 89' lang='lat' dir='ltr'>quam</span> <span class='ocrx_word' id='word_1_177' title='bbox 706 3053 827 3126; x_wconf 89' lang='lat' dir='ltr'>quanto</span> <span class='ocrx_word' id='word_1_178' title='bbox 843 3053 984 3128; x_wconf 90' lang='lat' dir='ltr'>tempore</span> <span class='ocrx_word' id='word_1_179' title='bbox 999 3044 1034 3107; x_wconf 93' lang='lat' dir='ltr'>in</span> <span class='ocrx_word' id='word_1_180' title='bbox 1049 3067 1142 3108; x_wconf 90' lang='lat' dir='ltr'>auras</span> 
     </span>
    </p>

    <p class='ocr_par' dir='ltr' id='par_1_30' title="bbox 206 3126 1199 3299">
     <span class='ocr_line' id='line_1_30' title="bbox 206 3126 1199 3212; baseline -0.004 -18"><span class='ocrx_word' id='word_1_181' title='bbox 206 3128 303 3194; x_wconf 93' lang='lat' dir='ltr'>Orbis</span> <span class='ocrx_word' id='word_1_182' title='bbox 317 3126 452 3212; x_wconf 88' lang='lat' dir='ltr'>perfecti</span> <span class='ocrx_word' id='word_1_183' title='bbox 468 3128 585 3192; x_wconf 91' lang='lat' dir='ltr'>divisus</span> <span class='ocrx_word' id='word_1_184' title='bbox 596 3128 718 3192; x_wconf 91' lang='lat' dir='ltr'>tollitur</span> <span class='ocrx_word' id='word_1_185' title='bbox 733 3150 833 3192; x_wconf 90' lang='lat' dir='ltr'>arcus.</span> <span class='ocrx_word' id='word_1_186' title='bbox 1152 3129 1199 3182; x_wconf 82' lang='grc'>575</span> 
     </span>
     <span class='ocr_line' id='line_1_31' title="bbox 250 3214 1090 3299; baseline 0.002 -20"><span class='ocrx_word' id='word_1_187' title='bbox 250 3215 345 3299; x_wconf 88' lang='lat' dir='ltr'>Saepe</span> <span class='ocrx_word' id='word_1_188' title='bbox 360 3214 440 3279; x_wconf 90' lang='lat' dir='ltr'>velis</span> <span class='ocrx_word' id='word_1_189' title='bbox 456 3225 614 3298; x_wconf 88' lang='lat' dir='ltr'>quantum</span> <span class='ocrx_word' id='word_1_190' title='bbox 629 3223 759 3298; x_wconf 90' lang='lat' dir='ltr'>superet</span> <span class='ocrx_word' id='word_1_191' title='bbox 774 3235 962 3297; x_wconf 89' lang='lat' dir='ltr'>cognoscere</span> <span class='ocrx_word' id='word_1_192' title='bbox 978 3216 1090 3293; x_wconf 88' lang='lat' dir='ltr'>noctis,</span> 
     </span>
    </p>

    <p class='ocr_par' dir='ltr' id='par_1_31' title="bbox 206 3299 837 3386">
     <span class='ocr_line' id='line_1_32' title="bbox 206 3299 837 3386; baseline 0 -21"><span class='ocrx_word' id='word_1_193' title='bbox 206 3302 252 3365; x_wconf 88' lang='lat' dir='ltr'>Et</span> <span class='ocrx_word' id='word_1_194' title='bbox 266 3324 322 3386; x_wconf 92' lang='lat' dir='ltr'>spe</span> <span class='ocrx_word' id='word_1_195' title='bbox 339 3313 482 3364; x_wconf 88' lang='lat' dir='ltr'>venturae</span> <span class='ocrx_word' id='word_1_196' title='bbox 497 3299 591 3364; x_wconf 89' lang='lat' dir='ltr'>solari</span> <span class='ocrx_word' id='word_1_197' title='bbox 605 3311 735 3384; x_wconf 89' lang='lat' dir='ltr'>pectora</span> <span class='ocrx_word' id='word_1_198' title='bbox 747 3299 837 3365; x_wconf 91' lang='lat' dir='ltr'>lucis.</span> 
     </span>
    </p>

    <p class='ocr_par' dir='ltr' id='par_1_32' title="bbox 205 3385 1007 3470">
     <span class='ocr_line' id='line_1_33' title="bbox 205 3385 1007 3470; baseline -0.004 -18"><span class='ocrx_word' id='word_1_199' title='bbox 205 3387 315 3452; x_wconf 91' lang='lat' dir='ltr'>Prima</span> <span class='ocrx_word' id='word_1_200' title='bbox 330 3387 390 3451; x_wconf 86' lang='lat' dir='ltr'>tibi</span> <span class='ocrx_word' id='word_1_201' title='bbox 405 3399 482 3451; x_wconf 91' lang='lat' dir='ltr'>nota</span> <span class='ocrx_word' id='word_1_202' title='bbox 498 3385 580 3451; x_wconf 89' lang='lat' dir='ltr'>Solis</span> <span class='ocrx_word' id='word_1_203' title='bbox 596 3385 667 3462; x_wconf 92' lang='lat' dir='ltr'>erit,</span> <span class='ocrx_word' id='word_1_204' title='bbox 685 3408 749 3470; x_wconf 93' lang='lat' dir='ltr'>quo</span> <span class='ocrx_word' id='word_1_205' title='bbox 765 3386 866 3448; x_wconf 86' lang='lat' dir='ltr'>sidere</span> <span class='ocrx_word' id='word_1_206' title='bbox 882 3395 1007 3465; x_wconf 87' lang='lat' dir='ltr'>currat;</span> 
     </span>
    </p>

    <p class='ocr_par' dir='ltr' id='par_1_33' title="bbox 207 3471 1001 3559">
     <span class='ocr_line' id='line_1_34' title="bbox 207 3471 1001 3559; baseline 0 -23"><span class='ocrx_word' id='word_1_207' title='bbox 207 3473 343 3559; x_wconf 89' lang='lat' dir='ltr'>Semper</span> <span class='ocrx_word' id='word_1_208' title='bbox 359 3474 444 3538; x_wconf 92' lang='lat' dir='ltr'>enim</span> <span class='ocrx_word' id='word_1_209' title='bbox 456 3473 546 3556; x_wconf 87' lang='lat' dir='ltr'>signo</span> <span class='ocrx_word' id='word_1_210' title='bbox 558 3471 703 3535; x_wconf 92' lang='lat' dir='ltr'>Phoebus</span> <span class='ocrx_word' id='word_1_211' title='bbox 717 3471 854 3535; x_wconf 89' lang='lat' dir='ltr'>radiabit</span> <span class='ocrx_word' id='word_1_212' title='bbox 868 3471 903 3534; x_wconf 92' lang='lat' dir='ltr'>in</span> <span class='ocrx_word' id='word_1_213' title='bbox 919 3494 1001 3536; x_wconf 88' lang='lat' dir='ltr'>uno:</span> 
     </span>
    </p>

    <p class='ocr_par' dir='ltr' id='par_1_34' title="bbox 208 3557 1018 3644">
     <span class='ocr_line' id='line_1_35' title="bbox 208 3557 1018 3644; baseline -0.005 -20"><span class='ocrx_word' id='word_1_214' title='bbox 208 3560 324 3625; x_wconf 87' lang='lat' dir='ltr'>Cetera</span> <span class='ocrx_word' id='word_1_215' title='bbox 339 3571 409 3623; x_wconf 94' lang='lat' dir='ltr'>tum</span> <span class='ocrx_word' id='word_1_216' title='bbox 424 3559 559 3644; x_wconf 89' lang='lat' dir='ltr'>propriis</span> <span class='ocrx_word' id='word_1_217' title='bbox 574 3558 718 3622; x_wconf 87' lang='lat' dir='ltr'>ardentia</span> <span class='ocrx_word' id='word_1_218' title='bbox 732 3559 857 3642; x_wconf 89' lang='lat' dir='ltr'>suspice</span> <span class='ocrx_word' id='word_1_219' title='bbox 871 3557 1018 3636; x_wconf 88' lang='lat' dir='ltr'>flammis,</span> 
     </span>
    </p>

    <p class='ocr_par' dir='ltr' id='par_1_35' title="bbox 208 3643 1071 3728">
     <span class='ocr_line' id='line_1_36' title="bbox 208 3643 1071 3728; baseline -0.006 -16"><span class='ocrx_word' id='word_1_220' title='bbox 208 3646 306 3713; x_wconf 82' lang='lat' dir='ltr'>Quod</span> <span class='ocrx_word' id='word_1_221' title='bbox 322 3647 415 3709; x_wconf 86' lang='lat' dir='ltr'>cadat</span> <span class='ocrx_word' id='word_1_222' title='bbox 426 3657 483 3709; x_wconf 87' lang='lat' dir='ltr'>aut</span> <span class='ocrx_word' id='word_1_223' title='bbox 498 3656 607 3728; x_wconf 85' lang='lat' dir='ltr'>surgat</span> <span class='ocrx_word' id='word_1_224' title='bbox 618 3667 779 3708; x_wconf 89' lang='lat' dir='ltr'>summove</span> <span class='ocrx_word' id='word_1_225' title='bbox 794 3645 916 3707; x_wconf 89' lang='lat' dir='ltr'>feratur</span> <span class='ocrx_word' id='word_1_226' title='bbox 930 3643 965 3707; x_wconf 92' lang='lat' dir='ltr'>in</span> <span class='ocrx_word' id='word_1_227' title='bbox 984 3644 1071 3720; x_wconf 92' lang='lat' dir='ltr'>orbe,</span> 
     </span>
    </p>

    <p class='ocr_par' dir='ltr' id='par_1_36' title="bbox 208 3729 1136 3816">
     <span class='ocr_line' id='line_1_37' title="bbox 208 3729 1136 3816; baseline -0.008 -17"><span class='ocrx_word' id='word_1_228' title='bbox 208 3732 408 3816; x_wconf 83' lang='lat' dir='ltr'>Quantoque</span> <span class='ocrx_word' id='word_1_229' title='bbox 423 3731 574 3798; x_wconf 83' lang='lat' dir='ltr'>exsiliant</span> <span class='ocrx_word' id='word_1_230' title='bbox 589 3731 703 3815; x_wconf 88' lang='lat' dir='ltr'>spatio,</span> <span class='ocrx_word' id='word_1_231' title='bbox 718 3753 818 3816; x_wconf 94' lang='lat' dir='ltr'>quum</span> <span class='ocrx_word' id='word_1_232' title='bbox 833 3729 951 3793; x_wconf 89' lang='lat' dir='ltr'>caerula</span> <span class='ocrx_word' id='word_1_233' title='bbox 964 3729 1136 3815; x_wconf 82' lang='lat' dir='ltr'>linquunt3</span> 
     </span>
    </p>

    <p class='ocr_par' dir='ltr' id='par_1_37' title="bbox 208 3814 1026 3903">
     <span class='ocr_line' id='line_1_38' title="bbox 208 3814 1026 3903; baseline -0.004 -20"><span class='ocrx_word' id='word_1_234' title='bbox 208 3819 360 3903; x_wconf 83' lang='lat' dir='ltr'>Namque</span> <span class='ocrx_word' id='word_1_235' title='bbox 376 3817 444 3881; x_wconf 88' lang='lat' dir='ltr'>aliis</span> <span class='ocrx_word' id='word_1_236' title='bbox 459 3817 577 3902; x_wconf 83' lang='lat' dir='ltr'>pernix</span> <span class='ocrx_word' id='word_1_237' title='bbox 592 3816 702 3893; x_wconf 90' lang='lat' dir='ltr'>saltus,</span> <span class='ocrx_word' id='word_1_238' title='bbox 717 3818 837 3901; x_wconf 88' lang='lat' dir='ltr'>majore</span> <span class='ocrx_word' id='word_1_239' title='bbox 853 3814 1026 3880; x_wconf 89' lang='lat' dir='ltr'>trahuntur</span> 
     </span>
    </p>

    <p class='ocr_par' dir='ltr' id='par_1_38' title="bbox 209 3902 986 3986">
     <span class='ocr_line' id='line_1_39' title="bbox 209 3902 986 3986; baseline -0.003 -17"><span class='ocrx_word' id='word_1_240' title='bbox 209 3905 299 3969; x_wconf 93' lang='lat' dir='ltr'>Mole</span> <span class='ocrx_word' id='word_1_241' title='bbox 312 3904 385 3981; x_wconf 91' lang='lat' dir='ltr'>alia,</span> <span class='ocrx_word' id='word_1_242' title='bbox 401 3903 565 3967; x_wconf 89' lang='lat' dir='ltr'>Oceanum</span> <span class='ocrx_word' id='word_1_243' title='bbox 582 3902 673 3966; x_wconf 90' lang='lat' dir='ltr'>tardo</span> <span class='ocrx_word' id='word_1_244' title='bbox 687 3902 867 3986; x_wconf 90' lang='lat' dir='ltr'>linquentia</span> <span class='ocrx_word' id='word_1_245' title='bbox 880 3923 986 3985; x_wconf 89' lang='lat' dir='ltr'>passu.</span> 
     </span>
    </p>

    <p class='ocr_par' dir='ltr' id='par_1_39' title="bbox 210 3987 1203 4064">
     <span class='ocr_line' id='line_1_40' title="bbox 210 3987 1203 4064; baseline -0.009 -7"><span class='ocrx_word' id='word_1_246' title='bbox 210 3991 308 4058; x_wconf 83' lang='lat' dir='ltr'>Quod</span> <span class='ocrx_word' id='word_1_247' title='bbox 323 3990 349 4053; x_wconf 91' lang='lat' dir='ltr'>si</span> <span class='ocrx_word' id='word_1_248' title='bbox 364 3990 450 4053; x_wconf 89' lang='lat' dir='ltr'>nube</span> <span class='ocrx_word' id='word_1_249' title='bbox 465 4013 539 4054; x_wconf 88' lang='lat' dir='ltr'>cava</span> <span class='ocrx_word' id='word_1_250' title='bbox 556 3989 638 4052; x_wconf 89' lang='lat' dir='ltr'>Solis</span> <span class='ocrx_word' id='word_1_251' title='bbox 649 3989 700 4053; x_wconf 88' lang='lat' dir='ltr'>via</span> <span class='ocrx_word' id='word_1_252' title='bbox 713 3989 796 4052; x_wconf 90' lang='lat' dir='ltr'>forte</span> <span class='ocrx_word' id='word_1_253' title='bbox 811 3988 935 4064; x_wconf 92' lang='lat' dir='ltr'>latebit,</span> <span class='ocrx_word' id='word_1_254' title='bbox 1156 3987 1203 4036; x_wconf 83' lang='grc'>585</span> 
     </span>
    </p>

    <p class='ocr_par' dir='ltr' id='par_1_40' title="bbox 211 4073 1046 4160">
     <span class='ocr_line' id='line_1_41' title="bbox 211 4073 1046 4160; baseline -0.008 -18"><span class='ocrx_word' id='word_1_255' title='bbox 211 4077 345 4142; x_wconf 92' lang='lat' dir='ltr'>Occulet</span> <span class='ocrx_word' id='word_1_256' title='bbox 359 4087 416 4140; x_wconf 87' lang='lat' dir='ltr'>aut</span> <span class='ocrx_word' id='word_1_257' title='bbox 431 4075 556 4160; x_wconf 89' lang='lat' dir='ltr'>signum</span> <span class='ocrx_word' id='word_1_258' title='bbox 571 4075 784 4140; x_wconf 89' lang='lat' dir='ltr'>conscendens</span> <span class='ocrx_word' id='word_1_259' title='bbox 799 4073 915 4138; x_wconf 88' lang='lat' dir='ltr'>vertice</span> <span class='ocrx_word' id='word_1_260' title='bbox 932 4073 1046 4137; x_wconf 90' lang='lat' dir='ltr'>caelum</span> 
     </span>
    </p>
   </div>
   <div class='ocr_carea' id='block_1_3' title="bbox 0 0 1457 4848">
    <p class='ocr_par' dir='ltr' id='par_1_41' title="bbox 0 0 1457 4848">
     <span class='ocr_line' id='line_1_42' title="bbox 0 0 1457 4848; baseline 0 0"><span class='ocrx_word' id='word_1_261' title='bbox 0 0 1457 4848; x_wconf 95' lang='lat' dir='ltr'> </span> 
     </span>
    </p>
   </div>
  </div>
 </body>
</html>
