2868 4848
223 573 269 638 20
626 593 823 642 cannarum

227 732 347 797 Omnia
360 732 534 798 mitescunt
547 735 721 820 tranquillo
736 735 838 800 sidere
854 733 989 814 Cancri;

227 818 337 884 Siccus
351 819 413 884 erit
428 819 507 898 Leo,
523 821 684 920 praecipue
699 843 801 906 quum
815 833 945 908 pectora
957 822 1092 888 fervent.

225 904 329 989 Virgo
340 905 438 970 refert
451 907 574 1006 pluvias
589 918 622 971 et
637 918 802 992 permovet
814 918 888 974 atra
898 909 1012 973 ventis.
1190 909 1221 958 1⁰

226 991 348 1057 Lenius
364 1003 413 1056 est
427 991 535 1056 Lrbrae
550 993 695 1076 signum;
717 994 773 1057 vix
788 1005 874 1058 rorat
888 993 923 1057 in
936 994 1002 1073 illo,

228 1077 376 1163 Scorpios
391 1077 517 1143 assidue
532 1079 611 1143 caelo
626 1079 829 1144 minitabitur
843 1081 933 1164 ignes
946 1105 953 1158 3

227 1163 363 1228 Lentior
377 1164 411 1228 in
426 1164 572 1250 pluvias†
587 1165 686 1249 magis
700 1165 824 1229 invenit
839 1188 912 1230 arva
927 1165 1053 1250 quieta:

226 1249 337 1334 Atque
352 1259 457 1314 truces
471 1251 559 1315 venti
574 1250 672 1314 densa
685 1251 757 1314 nive
773 1273 857 1336 saepe
873 1251 1034 1335 rigabunt.

227 1334 317 1400 Rara
332 1333 518 1419 Sagittifero
534 1336 730 1401 descendunt
744 1337 877 1402 flumina
892 1338 985 1402 terris
997 1363 1005 1416 ;
1190 1339 1220 1385 ¹⁵

227 1421 403 1505 AEgoceros
418 1422 487 1486 aliis
501 1423 615 1507 parcit,
631 1423 687 1486 sed
700 1422 818 1506 frigora
833 1423 938 1501 durat,

228 1506 441 1592 Instabilique
455 1508 531 1591 gelu
544 1508 627 1573 fallit
641 1509 774 1592 vestigia
787 1532 909 1594 passus.

228 1593 298 1660 Qui
308 1594 415 1658 fundit
429 1594 538 1658 latices
552 1595 630 1658 caelo
668 1617 774 1680 noque
788 1607 953 1680 permovet
967 1595 1094 1660 imbreo.

229 1678 347 1744 Omnia
361 1680 535 1744 miscentur
550 1703 624 1746 curn
639 1619 801 1759 discitum
826 1705 937 1766 aspera
951 1682 1053 1746 ventis

227 1763 376 1850 AEquora
391 1766 535 1830 turbatos
549 1767 681 1831 volvunt
696 1766 736 1831 ad
750 1766 853 1831 sidera
867 1768 1005 1845 fluctus;
1191 1767 1223 1814 20

227 1850 391 1916 Imbribus
406 1853 562 1916 incumbit
577 1852 690 1916 caelum
706 1852 869 1938 solemque
884 1853 1048 1930 recondit3

230 1938 397 2002 Grandine
410 1939 558 2022 pulsatur
572 1939 668 2003 tellus
681 1964 688 2016 ;
712 1938 783 2002 nive
798 1940 918 2004 moenia
933 1939 1060 2005 durant.

228 2020 312 2088 Haeo
327 2034 365 2087 ut
381 2024 516 2108 quisque
532 2024 610 2088 deus
624 2023 766 2109 possedit
781 2025 913 2089 numine
928 2025 1029 2108 signa,

228 2107 292 2194 Adj
298 2119 425 2193 ungunt
438 2109 583 2194 proprias
597 2111 689 2174 vires.
734 2108 874 2196 Torpere
889 2111 1038 2176 videntur

231 2194 350 2258 Omnia
366 2193 526 2274 Saturn03
543 2218 630 2260 raros
645 2196 699 2259 ille
715 2197 868 2281 exprimit
881 2197 971 2280 ignes
1194 2196 1226 2242 ²⁵

228 2279 275 2345 Et
289 2281 386 2345 siccas
401 2282 521 2346 hiemes
537 2282 695 2346 adstrictis
710 2282 836 2366 perficit
851 2283 944 2347 undis
957 2309 964 2360 3

234 2365 402 2431 Grandine
419 2367 575 2432 durantur
589 2368 726 2452 pluviae3
750 2369 822 2432 nive
837 2369 958 2452 grando
972 2368 1139 2453 putrescit,

230 2455 272 2517 Et
286 2453 373 2579 rigor
387 2454 508 2579 sepedit
522 2455 652 2580 pentisp
669 2455 923 2581 mitipsimusplle
957 2541 977 2581 ι
1065 2541 1084 2581 a

575 2799 809 2883 Fragmentum
826 2800 851 2862 I
849 2801 874 2862 Ι
873 2849 881 2864 .

346 2907 365 2948 e
496 2913 514 2956 a
644 2923 663 2958 a
795 2910 815 2950 a
947 2909 967 2948 r
1095 2914 1114 2957 a

275 2993 405 3079 Jupiter
420 3003 468 3057 est
483 2993 538 3057 illo
552 2992 629 3058 laeto
643 2994 745 3077 magis
759 2993 811 3058 hic
825 2995 946 3079 ubique
964 2995 1059 3059 solue.

233 3080 359 3146 Vitavit
372 3079 515 3144 flammas
529 3079 676 3164 proprior
686 3080 769 3144 bene
784 3080 908 3144 lucidus
924 3103 988 3145 ore.

234 3168 305 3232 Nec
319 3188 417 3251 pecus
432 3167 466 3229 in
481 3165 566 3229 foetu
579 3165 658 3230 falet
672 3188 752 3230 nova
768 3167 864 3230 turba
875 3178 1017 3251 repente.

233 3253 364 3337 Mugiet
378 3251 501 3315 stabilis
516 3251 581 3314 alto
595 3250 713 3316 valebit
728 3252 815 3316 obili.

235 3339 326 3403 Idem
341 3361 382 3402 ue
392 3337 487 3401 tellus
501 3337 635 3400 nimium
651 3337 766 3402 siccata
780 3349 923 3422 repente.
995 3352 999 3356 ’

235 3425 368 3490 Distuat
384 3433 452 3488 sata
466 3446 539 3488 cum
554 3424 662 3507 tetigit
676 3423 745 3487 fera
759 3447 879 3488 cornua
894 3424 964 3489 tari.

234 3511 304 3576 Dat
318 3510 442 3595 pluvias
456 3510 629 3594 sorbetque
644 3510 719 3574 data
733 3532 806 3573 cum
819 3510 925 3594 pliade
941 3509 1035 3592 fugit.

236 3597 348 3682 Atque
364 3595 579 3680 adidgeminos
594 3617 707 3660 cancro
721 3596 951 3679 placidissimus
965 3597 1061 3659 idem.
1108 3655 1116 3672 4

237 3683 305 3748 Dat
319 3682 458 3745 modicas
472 3682 554 3746 vires
569 3681 695 3765 rapidos
710 3692 743 3744 et
757 3693 917 3766 temperat
931 3693 1022 3746 aestu.

237 3769 284 3834 Et
294 3769 345 3833 leo
360 3767 510 3832 terribilis
525 3767 728 3851 subterpater
742 3768 811 3852 ipse
826 3768 965 3852 repellit.
1202 3767 1233 3815 ¹⁰

237 3855 395 3921 Instantis
409 3853 536 3918 morbos
549 3864 582 3916 et
596 3852 670 3917 ditis
684 3853 795 3917 limina
809 3853 920 3918 eludit.

239 3941 360 4026 Incipit
375 3939 519 4024 agricolis
532 3939 567 4002 in
581 3939 703 4023 virgine
719 3941 847 4003 sorbere
861 3951 945 4005 vota.

297 4039 334 4092 tu
821 4047 844 4088 n

241 4113 471 4179 Jammaiature
486 4121 611 4194 segetes
627 4121 660 4175 et
676 4111 790 4197 spicaea
803 4111 933 4196 pedent.
