2902 4838
255 555 278 608 ri
715 569 793 606 rore

256 697 341 746 Cicero
360 711 416 746 sero
434 696 557 760 perspicax
584 695 646 746 mibi
666 696 761 745 ridetur
783 695 866 754 luisse,
885 697 936 760 qui,
955 693 1071 759 quonism
1089 711 1104 744 s
1122 691 1137 758 ῤ
1156 693 1253 762 ἡγνυμι

255 762 378 811 derivetur
393 762 439 810 hoc
458 761 611 820 vocabulum,
627 761 658 810 sd
669 762 808 825 rorsginem
820 761 925 826 sliqnsrn
937 762 1072 825 respexisse
1084 762 1187 821 videtur,
1204 779 1254 824 qus

255 827 347 876 flumen
366 827 519 890 intercipitur
536 835 561 876 et
579 827 727 876 absorbetur.
761 825 854 877 Qusles
870 827 998 889 voragines
1009 825 1094 874 mulus
1105 841 1253 875 commemo·

255 899 355 940 rsnturs
366 892 526 956 Gcogrspbis.
561 891 701 955 Capellsde
714 891 861 950 Geometris,
880 907 934 954 pog.
947 892 1002 939 202.
1040 889 1132 938 Ibueis
1141 894 1253 954 fluminis

253 961 369 1020 gurgitem
389 957 457 1020 ponit
473 971 515 1020 pro
532 955 608 1005 Tenui
619 957 688 1004 rslrle
699 957 848 1020 protundum
859 957 956 1004 alveum
967 956 1079 1015 habente,
1097 964 1121 1003 et
1136 971 1191 1018 pag.
1203 959 1252 1004 205

254 1024 323 1086 ripuc
372 1024 439 1086 rpitir
458 1037 500 1084 pro
519 1021 586 1085 ripis,
607 1021 695 1083 quibus
710 1021 812 1070 altitudo
828 1021 888 1070 Pedi
899 1021 1012 1083 utrinque
1023 1021 1135 1083 cingitur.
1169 1021 1252 1069 Possis

255 1085 331 1149 igitur
359 1087 397 1134 inc
410 1087 553 1134 Ciceronem
564 1087 690 1149 esplicsre.
713 1086 851 1134 Draconem
861 1092 942 1134 sutem
951 1101 1009 1134 euru
1016 1086 1117 1134 flumine
1128 1085 1252 1148 eleganter

255 1161 379 1215 comperet
390 1151 558 1208 Germanicus,
575 1159 701 1215 propterea
712 1151 777 1214 quod
787 1150 869 1199 fabule
880 1152 998 1200 Draconis
1009 1151 1049 1199 vel
1060 1167 1090 1199 ex
1101 1151 1201 1198 liumine
1211 1152 1252 1199 sel

255 1217 367 1265 restunrio
386 1216 486 1265 incurvo
504 1223 561 1263 nsts
578 1217 680 1265 ridetur.
712 1216 808 1265 Plinius
827 1216 850 1263 V
869 1231 922 1278 esp.
936 1217 957 1264 l.
990 1214 1025 1264 Et
1040 1216 1070 1263 ab
1089 1232 1117 1262 en
1133 1214 1254 1264 XXXII

256 1283 290 1330 II.
302 1279 332 1330 P.
350 1282 442 1330 colonio
458 1297 474 1330 o
493 1280 593 1329 Claudio
612 1279 703 1330 Cerere
720 1283 792 1343 sucta
810 1279 890 1339 Linos,
907 1281 944 1327 vel
952 1280 1129 1338 salubreissime
1146 1283 1251 1342 antiquis

255 1352 362 1394 nomio.
396 1345 435 1394 Ibi
457 1347 522 1408 repis
543 1343 626 1402 Antei,
649 1351 810 1408 cntemenque
831 1359 883 1394 cum
905 1346 1023 1393 Hercule:
1050 1353 1072 1393 ct
1096 1346 1250 1408 Hesperidum

254 1410 326 1459 torst.
358 1409 498 1475 Affussditur
513 1417 592 1458 autem
611 1409 666 1458 IsuIc
682 1412 817 1459 arcarium
835 1427 848 1458 e
866 1413 929 1458 nturi
938 1411 1046 1471 flexuoso
1063 1417 1150 1466 meatu,
1167 1413 1193 1456 irs
1203 1427 1250 1474 quo

254 1475 364 1524 drocensis
375 1475 483 1523 custodio
495 1479 570 1522 inetur
581 1478 660 1537 sulsse
674 1490 737 1523 nunc
755 1479 948 1538 interpretentur.
964 1475 1019 1523 edd.
1038 1475 1107 1522 Idem
1118 1475 1184 1522 XIX
1195 1491 1249 1538 esp.

254 1543 277 1588 4.
312 1540 406 1603 Capell.
418 1539 454 1586 vl
472 1540 501 1588 de
520 1548 590 1603 nupt.
609 1539 698 1588 Philol.
709 1555 734 1603 p.
747 1539 1015 1589 tin-scts—sb
1025 1543 1088 1588 iuter
1098 1539 1129 1587 A.
1162 1539 1249 1602 (lbid.)
1335 1537 1338 1542 ’

254 1606 351 1654 leunisii
361 1604 482 1652 P.-0R.

286 1672 326 1719 49.
347 1667 464 1733 Torquet]
483 1668 575 1728 Versat,
594 1684 643 1718 non
659 1667 723 1717 mele
743 1668 798 1717 MS.
840 1667 879 1716 'Pu
900 1669 971 1733 elige.
1012 1669 1097 1718 Giton.
1130 1668 1248 1732 Virgilius

253 1733 313 1783 AEn.
324 1735 354 1792 V,
365 1737 421 1783 408.
437 1735 464 1782 iu
480 1749 505 1782 re
522 1735 583 1782 elin:
606 1735 662 1782 Huc
677 1735 736 1782 illue
751 1734 882 1782 vissimum
899 1737 1012 1782 immenso
1028 1736 1148 1782 volumino
1164 1741 1249 1784 wear.

253 1799 289 1848 Et
299 1801 324 1848 iu
336 1799 418 1856 simili,
435 1799 492 1848 AEn.
504 1798 553 1858 XI,
565 1801 620 1851 753.
655 1802 753 1848 Saucius
769 1805 792 1847 et
807 1813 901 1861 serpens
915 1803 1011 1848 sinuoso
1026 1800 1147 1846 volumius
1163 1806 1248 1848 uasat.

252 1863 379 1914 Volumina
397 1865 479 1912 crebro
500 1863 529 1912 tle
547 1864 711 1927 Serpentibus.
753 1863 880 1912 Clsudisn.
899 1865 928 1912 de
946 1864 990 1912 IV.
1025 1863 1129 1912 Honorii
1145 1864 1248 1913 Consul.

255 1930 373 1978 Cursrleus
392 1929 436 1976 tuli
455 1935 587 1992 prostrabis
615 1928 724 1992 ApoIIIue
745 1928 850 1992 Python,
871 1929 912 1977 Im
929 1930 995 1977 licuit
1015 1930 1104 1990 fractis
1132 1933 1249 1978 meriturus

252 1995 373 2042 uolumina
389 1994 461 2042 silvis.
504 1995 595 2043 Statius
613 1995 728 2042 lbebeid.
742 1995 754 2042 Ι
766 2011 788 2042 v.
800 1993 857 2042 562.
921 2000 1027 2058 ostquum
1043 1995 1135 2042 cerulei
1152 1998 1248 2042 sinuosa

251 2061 372 2107 volums'ua
382 2063 489 2118 monstri,
512 2061 662 2122 TerrIpeuanr
683 2059 803 2124 Pylburm,
825 2057 888 2106 Deus
902 2065 989 2122 sepiem
1004 2059 1098 2107 orbibus
1114 2062 1174 2107 atriu
1188 2059 1247 2108 Am-

269 2125 347 2172 lesum
364 2123 610 2187 Delphos-perculit.
648 2125 701 2172 add.
719 2125 806 2186 Virgil.
817 2125 945 2172 VAEneid.
957 2140 979 2172 v.
992 2124 1154 2183 84,Sedu1ius
1165 2126 1248 2175 Canu.

248 2141 728 2247 iv,145‚149.-scH.-1mmanu
741 2193 768 2237 Α.
797 2189 885 2251 (ibid)
912 2187 1002 2252 vereat]
1022 2189 1129 2237 BEGsb.
1157 2195 1248 2253 torquet

252 2253 344 2316 AFPg.
363 2254 423 2301 etin
436 2257 464 2303 B.
481 2269 599 2318 superscr.
617 2254 679 2302 Sunt
686 2253 950 2317 isininhujuscemodi
957 2254 1034 2318 poiitis
1043 2253 1248 2303 Scholasticorum

251 2319 388 2380 varietates,
408 2319 433 2367 in
445 2320 532 2382 quibus
543 2320 596 2382 ipss
606 2321 685 2383 politse
696 2333 782 2368 monus
800 2319 841 2368 vir
857 2319 973 2386 distingui
984 2327 1070 2382 potest.
1106 2319 1247 2367 Auctoritas

251 2383 559 2446 utrinquepnrsst-OR.

284 2449 324 2497 50.
342 2448 488 2512 Supererque
499 2448 569 2508 Illuc]
585 2447 673 2510 Supra.
706 2449 878 2512 Cretiosupcru
888 2450 1013 2512 scriptum,
1032 2454 1058 2496 ut
1072 2447 1134 2496 solet
1144 2447 1248 2496 scribere

251 2511 345 2562 Cicero.
378 2511 496 2561 Mirabile
506 2519 635 2562 monstrum
645 2514 713 2571 dixit,
732 2522 760 2561 ut
776 2517 863 2563 Aratus
879 2513 946 2578 μέγα
959 2513 1055 2577 θαῦμα.
1090 2512 1177 2560 Geor.
1211 2513 1247 2562 Et

250 2577 369 2640 Virgilius
385 2577 483 2626 AEneid.
500 2577 552 2634 III,
569 2593 592 2627 v.
604 2578 645 2627 26.
688 2578 839 2628 Horrendum
855 2587 877 2628 et
895 2581 960 2627 dictu
975 2579 1041 2627 uiden
1057 2577 1166 2625 mIrobile
1181 2593 1246 2626 mors-

249 2649 333 2692 strum.
367 2641 404 2690 Iu
421 2642 464 2691 lib.
485 2643 522 2691 IV
540 2643 664 2705 Georgo.
682 2646 737 2692 554.
772 2644 823 2692 Hie
832 2660 886 2692 uero
897 2645 1007 2702 subitum,
1024 2658 1052 2690 ae
1063 2643 1128 2690 dictu
1137 2640 1247 2691 mirabile

249 2713 379 2755 mosrstrum
389 2710 522 2769 communi:
542 2705 668 2770 liquefacta
680 2708 748 2757 boum
762 2725 805 2772 per
820 2712 910 2758 uiscera
926 2715 973 2758 tote
991 2707 1095 2756 Stridore
1105 2723 1160 2770 opes
1169 2713 1244 2756 utero.

249 2773 302 2821 edd.
316 2772 353 2820 Id.
367 2772 424 2819 AEn.
436 2773 513 2832 VIII,
526 2772 885 2838 8l.-SCH.--Supera⁴qus
896 2772 963 2837 illas]
981 2773 1054 2836 Pgsb.
1073 2777 1170 2835 superat
1187 2774 1245 2822 illm

249 2837 279 2884 F.
297 2853 414 2900 supraque
424 2839 480 2885 illus
490 2837 684 2885 ΑΒΜ-ΟΒ.

282 2904 322 2950 51.
340 2901 402 2949 Haec
412 2903 447 2949 ite
458 2903 483 2950 in
496 2901 551 2950 Ms.
563 2901 691 2963 leguntur:
708 2915 753 2950 nos
764 2901 927 2951 distinximus.
961 2901 1070 2950 Pessime
1086 2901 1112 2949 iu
1129 2900 1244 2964 vulgetis,

250 2965 334 3015 Gaudes
345 2967 446 3014 Helicen
456 2972 559 3030 superet,
576 2968 650 3015 tendit
659 2967 731 3014 simul
746 2967 778 3014 od
797 2967 951 3031 Cynosuram.
985 2966 1050 3015 Male
1061 2967 1244 3028 Menuscriptus

248 3031 323 3080 altero
333 3047 405 3079 versu
413 3047 485 3096 qurum
502 3047 544 3094 pro
556 3046 610 3094 qua,
622 3032 664 3094 qui
675 3045 741 3080 error
749 3047 798 3079 non
809 3048 885 3081 rarus.
912 3031 1243 3082 Gno'r.-SCH.—-Heli-

247 3111 290 3145 eeu
298 3113 371 3160 supro
383 3099 465 3156 teredii,
481 3097 542 3146 redit
552 3095 727 3158 ud]BEGsb.
761 3096 927 3159 Hebsuperut
938 3095 1152 3158 tenditut(sic)rl.
1187 3096 1242 3144 Hel.

246 3168 343 3225 superat
360 3163 435 3209 tendit
449 3163 521 3210 simul
538 3163 570 3208 od
589 3161 639 3210 FP.
673 3161 705 3210 In
722 3163 750 3210 B.
766 3162 839 3210 rerbo
849 3163 911 3210 redit
931 3176 1052 3225 superscr.
1069 3165 1084 3188 “
1094 3161 1134 3210 sel
1147 3160 1245 3223 Μεθ’

280 3289 619 3404 52ὸὲἵωωίφαο]ΑΒΕςο.
637 3289 858 3356 squammiperon.
869 3291 1051 3354 squamiferob'.
1068 3289 1154 3354 (lbid.)
1170 3305 1242 3354 quam

278 3424 318 3469 53.
338 3420 555 3484 Compraebmditur
564 3420 684 3470 P.-0R.

279 3489 317 3534 54.
335 3489 454 3548 Serpentis
476 3485 614 3549 Cynosurae]
632 3486 699 3548 Lege
719 3501 775 3534 curn
794 3485 969 3548 Manuscripto.
997 3485 1118 3547 distingue
1135 3499 1240 3543 mecum,

235 3552 305 3610 flexu
323 3551 497 3613 eornpreudilur
511 3551 560 3598 ulto
577 3551 695 3612 Serpentis
713 3551 851 3630 Cynosura:
866 3549 907 3598 iile
926 3551 1029 3612 explicat
1047 3549 1150 3613 amplius
1167 3549 1240 3599 orbes.

244 3619 345 3663 Aratus:
370 3614 462 3679 crrsipp
477 3612 499 3661 δ’
517 3613 544 3661 iu
562 3613 691 3677 roudoepn
708 3629 772 3679 καρη
791 3613 852 3678 ἔχει.
887 3615 971 3663 onon.
1008 3615 1077 3663 Orbis
1095 3614 1240 3662 vocabulum

244 3681 355 3728 crebrum
366 3682 391 3729 in
403 3681 562 3743 serpentibus.
604 3680 690 3740 Virgil.
705 3679 733 3727 II
752 3681 841 3742 Georg.
853 3694 876 3728 v.
889 3681 944 3728 253.
978 3680 1031 3728 Nec
1042 3683 1107 3742 rapit
1117 3681 1240 3727 immensos

243 3742 307 3792 orbes
315 3762 360 3808 per
370 3747 467 3794 iuncum
476 3760 549 3808 neque
560 3751 626 3793 tanto
638 3745 793 3808 squammeus
801 3749 826 3792 s'n
834 3749 924 3807 spiram
931 3751 1010 3793 tractu
1017 3761 1041 3792 ss
1050 3745 1140 3806 collifit
1147 3748 1239 3806 unquis.

174 3809 175 3812 ’
243 3811 296 3857 add.
317 3810 386 3858 Ouid.
399 3811 502 3858 Metam.
513 3809 553 3856 lib.
563 3809 596 3857 iii.
608 3809 985 3872 v.'41.-SCH.—Serpeutis.
1005 3811 1132 3874 Cynosuro
1143 3809 1183 3858 ille
1194 3809 1240 3872 Pg.

243 3881 405 3923 contremens
418 3875 567 3923 edu-ort.

275 3941 314 3987 55.
331 3939 430 4002 Arcton]
445 3939 574 4000 ABEPgs.
607 3938 706 3986 Arctum
718 3939 825 3987 b.-0R.

275 4006 315 4052 58.
332 4005 418 4052 Tribus
429 4005 467 4052 his
479 4004 586 4051 versibus
597 4003 721 4066 vulgatum
732 4005 809 4052 secuti
820 4019 913 4062 sumus,
925 4003 971 4052 nisi
980 4003 1044 4067 quod
1054 4004 1080 4052 in
1091 4002 1196 4052 secundo
1207 4003 1237 4050 ob

240 4083 337 4118 versum
349 4071 452 4132 lucetque
462 4084 505 4133 pro
517 4069 644 4118 lucetoum
661 4068 829 4132 Manuscripto
846 4069 980 4131 posuimus,
999 4069 1042 4132 qui
1059 4083 1102 4133 pro
1121 4069 1238 4117 deuterius
