2868 4848
196 525 240 588 22
597 543 794 590 nnauasrcr

195 681 369 770 Temperat
382 684 416 750 in
433 683 582 751 Geminis
596 708 727 752 annum.
774 685 844 752 Nec
858 687 950 752 crede
966 711 1088 769 sereno,

197 768 320 837 Nubila
335 794 393 837 nec
408 773 562 836 diuturna
575 781 681 858 putes,
698 794 799 857 quum
815 773 917 838 sidere
935 773 1049 840 Cancri

197 855 340 923 Fulserit
356 858 517 936 ardentis3
540 869 667 922 tantum
682 857 743 922 hoc
760 859 804 923 nil
821 859 923 924 sidere
938 871 1072 928 certum.
1161 867 1193 914 55

194 941 375 1028 Flagrantis
389 944 512 1030 placide
527 943 607 1008 lucis
620 945 667 1009 vis
683 955 841 1030 temperat
856 968 988 1025 annum,

194 1028 306 1095 Quum
322 1031 430 1115 posuit
445 1029 553 1094 sedem
569 1029 716 1095 Nemeaei
730 1031 849 1096 finibus
864 1033 952 1097 astri.

192 1114 394 1202 Virgineque
410 1128 444 1181 et
459 1115 558 1180 Libra
573 1139 699 1202 semper
713 1117 888 1202 pendentia
902 1128 1030 1182 tantum

193 1201 317 1267 Nubila
331 1203 485 1268 continua
498 1203 600 1284 magis
613 1203 647 1266 in
663 1203 800 1268 statione
816 1203 1003 1272 manebunt.

192 1284 283 1352 Tunc
299 1311 428 1373 quoque
442 1287 533 1354 nulla
549 1287 628 1352 fides
641 1288 734 1366 caelu,
750 1311 852 1374 quum
868 1287 1023 1374 Scorpion
1038 1313 1142 1355 acrem
1158 1291 1191 1340 ⁶0

194 1372 267 1438 Stat
283 1397 398 1458 super;
421 1374 544 1440 incana
557 1395 632 1439 nam
659 1397 698 1438 ue
713 1375 821 1438 omnia
833 1375 904 1459 lege
919 1376 1086 1441 feruntur:

194 1459 272 1524 Heu
288 1460 417 1544 quantis
432 1471 532 1524 terras
547 1469 616 1524 tum
632 1397 766 1544 iupitur
779 1461 936 1526 imbribus
951 1484 1060 1526 omnes

193 1545 341 1611 Obruet!
364 1557 422 1611 aut
435 1546 611 1630 glomerata
625 1545 717 1610 cadet
733 1569 829 1631 quam
847 1547 945 1614 densa
960 1571 1018 1632 per
1033 1548 1169 1612 aethram
1231 1603 1237 1640 Ι.
1266 1594 1303 1612 ·.-
1337 1551 1356 1632 j
1378 1543 1382 1548 ’

105 1659 108 1667 “
193 1630 333 1696 Immitis
347 1633 469 1717 grando
481 1634 499 1694 i¹
513 1631 627 1696 caelum
643 1654 740 1716 quam
756 1655 842 1718 saepe
857 1634 1001 1700 sonabit!

192 1718 305 1785 Quum
320 1719 458 1804 spatium
473 1717 618 1800 attigerit
632 1718 794 1782 tendentis
809 1720 931 1803 spicula
946 1719 1040 1804 signi,
1155 1720 1188 1768 ⁶⁵

192 1804 268 1869 Non
285 1805 377 1869 terris
393 1804 520 1880 imbres,
535 1815 636 1886 ponto
651 1826 716 1866 nou
732 1804 861 1869 flamina
876 1806 1004 1872 dierunt.

191 1890 238 1954 Et
253 1889 322 1953 caeli
338 1901 437 1954 terret
452 1889 575 1954 sonitus
590 1889 737 1954 mortalia
751 1891 856 1967 corda,

191 1976 304 2043 Quum
318 1975 426 2039 sedem
440 1973 593 2059 AEgoceri
608 1974 801 2061 Cythereius
815 1976 924 2062 attigit
938 1976 1033 2058 ignis.

192 2061 352 2126 Horridus
368 2073 401 2126 at
416 2061 536 2145 gelidos
551 2062 715 2146 portendit
733 2060 892 2147 Aquarius
905 2063 1033 2139 imbres,

189 2145 412 2232 Hibernaeque
427 2147 546 2212 cadunt
563 2147 680 2231 pluviae
696 2159 907 2233 concretaque
923 2149 1054 2232 grando.
1155 2147 1187 2200 7⁰

246 2239 266 2282 a
352 2233 371 2274 e
459 2234 479 2274 s
568 2232 588 2273 s
676 2234 696 2274 s
784 2234 804 2274 s
893 2235 913 2275 s
1001 2235 1020 2274 s
1108 2234 1128 2275 s

190 2317 335 2384 Piscibus
351 2343 369 2384 a
384 2318 519 2402 geminis
533 2319 594 2382 sub
610 2319 713 2403 prima
727 2332 906 2384 recurreret
920 2330 1006 2384 astra

191 2405 366 2490 Hesperos,
378 2405 447 2469 haec
462 2405 521 2469 tibi
536 2405 627 2488 signa
640 2405 733 2483 feret,
751 2406 875 2490 quum†
891 2405 1020 2470 Lucifer
1035 2427 1091 2469 ora

190 2491 376 2574 Ingreditur
390 2489 505 2557 Venus
519 2491 601 2555 alma
616 2491 725 2576 polum
739 2516 747 2569 ;
771 2492 828 2556 sed
842 2492 899 2556 ubi
915 2491 1079 2576 Hesperos
1093 2491 1184 2575 ignes

191 2577 347 2642 Provocat
361 2577 510 2642 aetherios
525 2587 559 2640 et
573 2587 699 2641 noctem
716 2577 832 2642 ducere
848 2579 940 2642 terris
1068 2635 1070 2640 .

190 2662 321 2748 Incipit,
336 2662 484 2727 exoriens
499 2685 570 2727 ecce
586 2662 655 2728 haee
672 2660 835 2748 Cytherea
848 2664 1000 2728 movebit.
1152 2661 1184 2714 ⁷5

188 2747 276 2814 Vere
292 2759 401 2815 caveto
413 2749 531 2813 imbres
546 2761 579 2812 et
592 2749 729 2814 fulmina
744 2749 882 2813 culmine
897 2751 939 2814 ab
951 2751 1028 2827 alto,

189 2833 368 2900 Phrixeum
382 2835 479 2899 rutilo
494 2857 592 2919 pecus
607 2845 645 2898 ut
659 2835 827 2900 radiaverit
842 2847 939 2913 astro,

189 2920 312 2986 Nubila
326 2921 583 3005 commixtusque
596 2921 702 3005 fragor
716 2921 908 3006 pluvialibus
924 2921 1030 3000 undis,

189 3006 398 3092 Flaminaque
414 3007 540 3072 assiduo
556 3007 648 3071 terris
662 3007 815 3071 instantia
828 3007 926 3092 pulsu

188 3093 235 3158 Et
250 3094 327 3158 dirae
342 3093 420 3158 caelo
435 3093 551 3179 dejecti
603 3093 728 3157 andinis
741 3093 835 3171 ictus,

187 3178 257 3244 Ver
270 3181 370 3264 magis
384 3179 530 3255 infidum,
545 3115 643 3242 'lgaruri
659 3201 758 3264 quum
774 3180 876 3243 sidere
889 3178 990 3255 fulsit,

188 3266 368 3350 Apportat;
394 3265 540 3330 Geminis
554 3265 665 3329 eadem
680 3264 894 3329 inconstantia
905 3274 1048 3349 perstat:

188 3351 440 3418 Quum-dederit
452 3351 545 3428 soles,
560 3350 691 3415 inducet
705 3351 817 3416 nubila
831 3351 929 3415 caelo:

187 3437 311 3501 Nubila
326 3460 427 3523 quum
442 3437 573 3514 fuerint,
589 3437 712 3501 subitos
727 3437 883 3501 mirabere
899 3437 994 3513 soles3

187 3523 234 3588 Et
248 3525 342 3588 modo
357 3525 396 3588 de
413 3533 519 3600 vento,
535 3523 640 3606 gelido
656 3523 750 3586 modo
765 3523 913 3608 protinus
929 3522 1030 3586 imbre

187 3609 330 3688 Ducens,
347 3611 470 3676 alterna
485 3608 649 3694 superabit
662 3609 749 3672 nube
764 3631 885 3673 serena.

188 3697 224 3760 Si
238 3695 352 3762 Venus
364 3697 506 3780 ingressa
520 3706 569 3759 est
584 3694 713 3779 spatiosi
728 3695 831 3760 sidera
847 3694 973 3772 Cancri,

187 3781 304 3846 Pacem
319 3783 458 3847 mundus
472 3782 583 3860 habet;
607 3804 672 3846 non
684 3781 742 3844 ulli
757 3804 888 3866 corpora
902 3780 983 3844 soles

187 3867 335 3932 Pestiferi
350 3868 537 3944 incendunt,
553 3889 619 3932 non
634 3866 737 3932 sidera
751 3868 849 3932 densa
864 3867 984 3932 solutos

187 3953 383 4039 Astringunt
400 3964 488 4019 artus
504 3953 607 4019 alieno
623 3966 787 4038 tempore;
810 3953 891 4017 lenis
1151 3949 1183 3998 90

188 4040 306 4106 Omnia
321 4052 432 4126 pacato
448 4051 519 4106 tum
534 4039 637 4105 sidere
653 4050 811 4125 temperat
825 4049 888 4107 air.
