2868 4848
274 512 319 564 xvi
641 529 907 570 nnnrarrocnorn.

272 672 332 709 ram
342 665 432 709 cocart
443 653 557 723 librarii,
566 653 647 710 Arato
658 654 763 711 librarii
774 667 798 712 et
807 660 923 730 pictores.
960 657 1062 714 Eadem
1079 659 1186 716 fortuna
1201 661 1271 716 Ger-

272 727 370 780 manici
389 727 461 798 apud
479 727 596 794 latinos,
615 745 675 796 que
693 729 767 782 Arati
784 729 1012 856 ιιᾞιιὶῦξὶιιιιθοοεΜ
1025 730 1122 856 viliis?
1133 733 1271 856 vaegsatam

272 868 423 951 tandreena,
451 869 519 922 inter
538 886 605 938 quas
622 886 712 924 omnes
739 817 861 924 ιηίιιίιιιῗ
867 817 1085 926 elsetmtli'fferirietia
1122 819 1180 926 aDii
1197 821 1271 941 ioli

271 946 338 1008 quot
347 955 376 991 ιιι
387 956 418 991 ea
429 955 519 993 versus
530 940 628 1006 omissi,
641 948 706 1009 quot
716 941 834 994 carmina
844 940 880 994 itn
891 941 984 996 misere
996 942 1105 1009 detorta
1117 950 1149 997 ut
1160 944 1269 997 nullum

270 1015 377 1062 maneat
387 1009 502 1063 veritatis
512 1011 668 1080 vestigium!
705 1009 862 1065 Omissionis
873 1012 1175 1136 mumfflpdbepaffim,
1192 1015 1271 1068 nulla

271 797 412 851 editionem
423 813 484 867 qua
495 797 670 869 quadruplex,
682 798 787 866 Aldina,

270 1095 338 1149 saepe
356 1081 493 1146 sententia,
509 1096 600 1134 versus
618 1079 763 1150 deligerent
778 1082 940 1152 imaginibus
1183 1083 1270 1138 detor-

269 1149 356 1216 tiouis,
375 1150 506 1220 pictomm
517 1151 554 1204 im
588 1151 655 1218 ritis,
672 1158 700 1205 et
715 1153 799 1222 operis
817 1153 900 1222 ipsius
917 1159 1075 1220 contemtus,
1093 1153 1226 1223 quiajam
1238 1155 1268 1208 in

269 1220 382 1290 vulgum
402 1222 508 1274 abierat
576 1220 648 1274 ideas
662 1221 887 1293 Manuscriptnm,
905 1239 985 1292 quem
1005 1241 1023 1277 a
1041 1225 1097 1276 viro
1117 1223 1186 1277 Nob.
1207 1225 1267 1278 Jac.

269 1291 347 1344 Susio
357 1289 503 1361 pmi'ectum
511 1290 630 1361 ejusdem
640 1291 796 1360 heredibus,
806 1308 915 1347 necnon
924 1294 1268 1364 genemsoeteruditissimo

268 1361 323 1414 viro
335 1362 370 1414 D.
381 1361 400 1414 J
401 1377 452 1415 ano
464 1361 571 1429 Donate,
582 1362 661 1432 cujus
672 1379 751 1432 opera
760 1363 827 1417 liber
836 1363 881 1417 ille
892 1364 927 1417 ad
938 1381 980 1417 me
991 1365 1117 1434 pervenit,
1128 1372 1267 1436 acceptum

267 1431 337 1486 sero:
355 1432 490 1486 miraberis
500 1431 609 1503 quidem
620 1434 676 1488 anti
695 1434 814 1500 uitatem,
825 1433 977 1488 sedvidebis
985 1435 1149 1505 turpissimos
1160 1452 1267 1502 errores,

266 1503 321 1557 imo
338 1519 407 1574 saepe
424 1503 529 1557 talesin
564 1503 644 1558 uibus
660 1451 790 1558 silvemis
801 1519 854 1558 non
865 1521 960 1574 parum
971 1505 1108 1558 laborabis.
1145 1505 1267 1576 Scriptus

265 1573 311 1626 ille
320 1591 375 1628 non
384 1573 462 1626 litera
473 1579 550 1628 mtun
596 1573 737 1628 Monacbis
748 1575 853 1642 usitata,
865 1591 920 1644 qua
927 1575 1029 1630 codices
1036 1575 1082 1628 alii
1093 1577 1226 1629 manuscri
1245 1577 1267 1630 ti

265 1645 382 1698 minima
393 1645 560 1714 antiquitatis
571 1652 635 1699 sunt
645 1645 761 1711 exarati3
771 1661 826 1698 non
837 1645 1044 1714 Inngobardica,
1056 1663 1111 1716 qua
1118 1647 1165 1699 alii
1172 1664 1198 1699 m
1243 1664 1265 1701 ae

266 1716 417 1781 vetustatis3
435 1715 481 1768 sed
500 1716 576 1769 litera
593 1732 709 1781 mmana,
728 1732 810 1785 quam
833 1716 973 1785 capitalem
993 1723 1096 1784 vocant,
1118 1717 1265 1770 multorum

265 1787 424 1840 seculomm
451 1785 536 1839 raeiert
546 1787 737 1841 auctoritatem.
774 1785 830 1839 Scri
849 1786 909 1839 tiin
921 1803 952 1839 eo
963 1795 1027 1840 sunt
1037 1803 1127 1840 versus
1139 1803 1265 1840 noncon-

264 1857 387 1928 junctim,
462 1855 607 1926 dispersim,
625 1864 652 1910 et
661 1857 700 1910 ita
712 1863 744 1909 ut
754 1804 866 1926 singulis
876 1857 980 1926 paginis
991 1859 1113 1926 quaterni
1123 1857 1205 1911 ferme
1215 1865 1265 1912 aut

265 1928 342 1997 quini
352 1933 458 1980 tantum
469 1927 687 1980 inscriberentur:
707 1943 767 1995 quae
782 1925 834 1979 fuit
844 1928 954 1991 occasio,
972 1935 1004 1981 ut
1020 1935 1111 1998 postea
1127 1944 1190 1981 cum
1203 1928 1215 1997 j

264 2015 330 2053 usus
348 2005 375 2052 et
392 1997 507 2066 cognitio
524 1996 658 2050 literarum
676 1995 866 2067 quadmtarum
877 1998 1038 2064 exolevisset,
1049 1999 1119 2052 alius
1131 1999 1191 2067 quis
1209 2000 1263 2052 iam

264 2070 348 2139 spatio
364 2073 473 2120 vacante
489 2066 593 2120 eosdem
604 2083 694 2121 versus
709 2067 785 2120 nulla
795 2068 942 2121 mutatione
960 2068 1043 2121 literis
1062 2086 1157 2122 monac
1203 2069 1264 2123 ‘bus

263 2138 433 2209 descripserit.
465 2136 522 2190 Hie
533 2138 612 2191 etiam
623 2137 750 2191 continua
760 2139 838 2192 series
844 2138 993 2207 imaginum
1000 2140 1144 2193 intertextu
1156 2138 1264 2210 dirupta

264 2208 410 2280 trajectioni
429 2208 519 2262 locum
538 2207 619 2274 dedit,
639 2225 720 2277 quam
737 2208 765 2260 in
784 2209 852 2262 notis
870 2209 965 2262 nostris
982 2209 1164 2262 indicabimus.
1202 2210 1262 2264 Imo

263 2281 342 2334 etiam
353 2295 416 2333 cum
426 2280 455 2332 in
467 2278 587 2332 Geminis
597 2286 624 2332 et
635 2279 737 2332 Canem
748 2277 840 2333 fabula
850 2279 957 2346 deesset,
969 2279 1087 2333 homines
1096 2280 1191 2358 insulsi
1203 2298 1262 2334 eam

263 2369 297 2404 ex
314 2351 414 2403 Avieno
432 2349 622 2404 emendicatam
640 2349 799 2402 Germanico
809 2350 979 2415 inseruerent,
991 2367 1024 2403 ne
1036 2350 1102 2419 quid
1114 2350 1215 2404 deesset
1226 2351 1261 2404 ad

262 2429 407 2475 extremam
425 2419 591 2473 dementiam.
638 2420 682 2473 Ita
700 2420 741 2473 illi
761 2419 827 2472 dum
846 2420 1007 2489 imaginibus
1030 2421 1085 2474 suis
1108 2421 1261 2488 consulunt,

262 2498 396 2546 auctorem
407 2498 625 2544 conservaverunt
636 2489 752 2559 quidem,
770 2489 816 2543 scd
827 2490 865 2543 ita
876 2490 1053 2560 perdiderunt,
1072 2499 1104 2544 ut
1114 2492 1156 2546 sui
1168 2492 1261 2544 similis

262 2580 316 2615 non
327 2568 401 2615 esset.
436 2561 494 2614 Nos
504 2562 595 2630 itaque
606 2579 640 2614 ex
651 2560 809 2614 editionibus
816 2561 933 2630 vulgatis
943 2569 970 2614 et
981 2560 1166 2631 Manuscripto
1176 2578 1260 2615 unam

262 2634 448 2686 concinnantes
459 2630 609 2697 editionem,
631 2633 660 2684 in
679 2631 791 2700 singulis
809 2632 926 2684 versibus
944 2648 1002 2684 eam
1019 2632 1158 2685 lectionem
1176 2633 1260 2686 secuti

262 2720 355 2757 sumus
372 2720 433 2772 quae
451 2703 534 2755 verior
551 2709 578 2756 et
594 2701 753 2755 commodior
771 2702 841 2754 msa:
860 2702 1004 2771 aliquando
1015 2718 1078 2755 cum
1089 2710 1184 2756 neutra
1199 2719 1260 2756 vera

261 2782 335 2839 esset,
346 2774 500 2827 alterutram
512 2772 648 2841 elegimus,
660 2774 688 2824 in
700 2773 768 2824 notis
780 2772 875 2825 nostris
885 2772 1006 2825 lectionis
1017 2773 1152 2826 veritatem
1164 2778 1214 2826 aut
1223 2789 1258 2825 ex

261 2845 401 2913 utriusque
419 2843 607 2909 commistione,
625 2852 674 2899 aut
692 2860 727 2897 ex
750 2851 836 2896 nostm
855 2843 958 2912 judicio
980 2842 1116 2912 prolaturi.
1159 2842 1259 2896 Versus

261 2914 408 2984 superfluos
420 2915 600 2980 resecavimus,
619 2931 663 2967 eos
681 2913 728 2982 qui
745 2912 872 2980 deessent,
892 2913 1086 2978 substituimus,
1104 2911 1214 2966 sednon
1226 2930 1259 2966 ea

260 2992 349 3038 minen
368 2984 487 3050 audacia,
506 2990 538 3037 ut
557 2985 631 3037 nobis
648 2985 677 3036 in
697 2984 820 3036 omnibus
836 2983 906 3036 credi
921 2982 1092 3053 postulemus.
1129 2982 1218 3045 Quare
1229 2984 1258 3036 in

260 3063 336 3108 notas
347 3062 448 3107 nostras
459 3071 564 3107 omnem
575 3055 719 3108 lectionum
730 3055 882 3108 varietatem
894 3054 1048 3107 retulimus:
1067 3053 1212 3123 eademque
1224 3053 1258 3108 dc

260 3143 341 3179 causa
360 3125 555 3178 emendationes
575 3125 663 3178 nullas
682 3132 730 3178 aut
748 3125 920 3194 paucissimas
938 3140 1034 3192 casque
1054 3125 1211 3178 certissimas
1229 3125 1258 3176 in

259 3203 364 3250 textum
385 3196 532 3261 retulimus,
553 3195 599 3248 sed
618 3195 653 3248 ad
669 3202 744 3248 notas
763 3196 965 3249 reservavimus:
985 3211 1099 3264 quarum
1120 3195 1217 3264 aliquae
1235 3195 1258 3248 si

260 3267 376 3320 multum
388 3265 518 3318 discedere
529 3265 690 3319 videbuntur
707 3283 723 3318 a
740 3266 851 3319 lectione
862 3265 1034 3334 manuscripti
1048 3272 1097 3319 aut
1108 3265 1171 3319 editi
1188 3265 1258 3331 libri,

259 3336 395 3390 considera
412 3336 513 3388 collatis
527 3336 728 3406 exemplaribus,
746 3343 878 3405 quantum
890 3353 958 3406 sepe
968 3337 1141 3407 manuscripti
1151 3337 1258 3390 lectica

259 3408 369 3478 vulgata
385 3407 481 3460 distet:
501 3423 554 3475 quo
574 3406 644 3459 facto
660 3407 767 3472 videbis,
791 3407 862 3475 quod
880 3423 929 3476 ego
947 3406 1031 3472 video,
1048 3406 1200 3476 longissime
1211 3423 1257 3459 ex·

258 3478 494 3547 scriptoresavera
511 3477 621 3530 lectione
639 3477 791 3530 discessisse.
828 3477 925 3546 Itaque
944 3493 997 3529 non
1018 3476 1074 3530 haec
1093 3477 1173 3547 culpa
1192 3476 1257 3530 mihi

258 3547 425 3618 assignanda,
438 3547 484 3600 sed
495 3546 585 3618 fungis
601 3547 654 3601 illis
673 3548 719 3616 qui
737 3547 813 3600 nulla
824 3547 967 3600 reverentia
977 3554 1111 3600 auctorem
1128 3547 1201 3601 hunc
1219 3547 1258 3600 ita

257 3619 453 3672 mutilavemnt.
491 3618 566 3671 Dum
577 3618 646 3670 nodo
658 3618 741 3671 dums
752 3635 867 3671 cuneus:
881 3634 1036 3688 quanquam
1046 3617 1092 3670 ille
1103 3635 1192 3671 revera
1202 3633 1257 3670 non

258 3689 350 3755 durus,
361 3689 408 3742 sed
419 3689 548 3742 salutaris.
585 3688 748 3742 Scholiasten
766 3688 844 3740 illum
863 3689 909 3757 qui
929 3687 1081 3742 Germanici
1099 3688 1257 3758 appellatur,

257 3776 320 3813 cum
331 3759 397 3812 nibil
408 3757 488 3813 ferme
499 3759 534 3812 ad
546 3758 734 3812 Germanicum
746 3757 833 3825 faciat,
844 3766 878 3825 et,
891 3759 1011 3828 quamvis
1022 3756 1125 3825 faceret,
1137 3757 1257 3811 ordinem

257 3838 284 3884 et
304 3831 394 3883 seriem
414 3831 566 3882 continuam
589 3830 751 3896 interturbet,
771 3829 915 3882 omisimus.
952 3829 1086 3898 Imagines
1104 3845 1139 3881 cx
1161 3845 1256 3880 manu-

258 3901 346 3970 scripti
359 3900 410 3952 lide
421 3899 518 3953 excudi
529 3899 647 3966 lecimuS,
663 3900 698 3954 ad
710 3917 777 3969 quas
789 3907 864 3952 notas
876 3900 955 3953 etiam
967 3899 1177 3970 conscripsimus,
1189 3915 1257 3968 quas

257 3969 325 4024 inira
336 3972 452 4042 reperies.
488 3969 571 4024 Nunc
583 3971 617 4024 nd
634 3971 822 4024 Germanicum
833 3971 922 4040 ipsum
934 3970 1078 4024 veniamus.
