<?xml version="1.0" encoding="UTF-8"?>
<!DOCTYPE html PUBLIC "-//W3C//DTD XHTML 1.0 Transitional//EN"
    "http://www.w3.org/TR/xhtml1/DTD/xhtml1-transitional.dtd">
<html xmlns="http://www.w3.org/1999/xhtml" xml:lang="en" lang="en">
 <head>
  <title>
</title>
<meta http-equiv="Content-Type" content="text/html;charset=utf-8" />
  <meta name='ocr-system' content='tesseract 3.04.00' />
  <meta name='ocr-capabilities' content='ocr_page ocr_carea ocr_par ocr_line ocrx_word'/>
</head>
<body>
  <div class='ocr_page' id='page_1' title='image "./reliquiquextant00orelgoog_0041.png"; bbox 0 0 2868 4848; ppageno 0'>
   <div class='ocr_carea' id='block_1_1' title="bbox 288 572 880 640">
    <p class='ocr_par' dir='ltr' id='par_1_1' title="bbox 288 572 880 640">
     <span class='ocr_line' id='line_1_1' title="bbox 288 572 880 640; baseline 0.005 -5"><span class='ocrx_word' id='word_1_1' title='bbox 288 572 308 635; x_wconf 91' lang='grc'>8</span> <span class='ocrx_word' id='word_1_2' title='bbox 684 593 880 640; x_wconf 75' lang='lat' dir='ltr'><strong>onamaurcr</strong></span> 
     </span>
    </p>
   </div>
   <div class='ocr_carea' id='block_1_2' title="bbox 271 729 1296 4094">
    <p class='ocr_par' dir='ltr' id='par_1_2' title="bbox 271 729 1296 4094">
     <span class='ocr_line' id='line_1_2' title="bbox 287 729 1084 818; baseline 0.004 -24"><span class='ocrx_word' id='word_1_3' title='bbox 287 729 457 816; x_wconf 87' lang='lat' dir='ltr'><strong>Praecipuo</strong></span> <span class='ocrx_word' id='word_1_4' title='bbox 471 732 526 797; x_wconf 91' lang='lat' dir='ltr'><strong>sed</strong></span> <span class='ocrx_word' id='word_1_5' title='bbox 540 730 660 798; x_wconf 86' lang='lat' dir='ltr'><strong>honore</strong></span> <span class='ocrx_word' id='word_1_6' title='bbox 676 733 815 798; x_wconf 83' lang='lat' dir='ltr'><strong>ostendit</strong></span> <span class='ocrx_word' id='word_1_7' title='bbox 830 744 975 818; x_wconf 89' lang='lat' dir='ltr'><strong>tempora</strong></span> <span class='ocrx_word' id='word_1_8' title='bbox 988 733 1084 798; x_wconf 89' lang='lat' dir='ltr'><strong>bina:</strong></span> 
     </span>
     <span class='ocr_line' id='line_1_3' title="bbox 287 816 1258 905; baseline 0.002 -21"><span class='ocrx_word' id='word_1_9' title='bbox 287 816 400 884; x_wconf 80' lang='lat' dir='ltr'><strong>Quum</strong></span> <span class='ocrx_word' id='word_1_10' title='bbox 414 817 554 903; x_wconf 89' lang='lat' dir='ltr'><strong>primum</strong></span> <span class='ocrx_word' id='word_1_11' title='bbox 568 819 736 904; x_wconf 81' lang='lat' dir='ltr'><strong>agricolam</strong></span> <span class='ocrx_word' id='word_1_12' title='bbox 752 830 866 885; x_wconf 88' lang='lat' dir='ltr'><strong>ventus</strong></span> <span class='ocrx_word' id='word_1_13' title='bbox 880 819 1124 905; x_wconf 80' lang='lat' dir='ltr'><strong>superimminet</strong></span> <span class='ocrx_word' id='word_1_14' title='bbox 1138 832 1258 899; x_wconf 90' lang='lat' dir='ltr'><strong>auster,</strong></span> 
     </span>
     <span class='ocr_line' id='line_1_4' title="bbox 285 900 1113 992; baseline 0.006 -24"><span class='ocrx_word' id='word_1_15' title='bbox 285 900 332 969; x_wconf 86' lang='lat' dir='ltr'><strong>Et</strong></span> <span class='ocrx_word' id='word_1_16' title='bbox 346 925 447 988; x_wconf 90' lang='lat' dir='ltr'><strong>quum</strong></span> <span class='ocrx_word' id='word_1_17' title='bbox 461 905 565 989; x_wconf 85' lang='lat' dir='ltr'>surgit</span> <span class='ocrx_word' id='word_1_18' title='bbox 579 905 679 970; x_wconf 92' lang='lat' dir='ltr'><strong>hiems</strong></span> <span class='ocrx_word' id='word_1_19' title='bbox 694 916 806 991; x_wconf 90' lang='lat' dir='ltr'><strong>ponto,</strong></span> <span class='ocrx_word' id='word_1_20' title='bbox 821 905 976 990; x_wconf 75' lang='lat' dir='ltr'><strong>fugienda</strong></span> <span class='ocrx_word' id='word_1_21' title='bbox 989 906 1113 992; x_wconf 87' lang='lat' dir='ltr'><strong>peritis.</strong></span> 
     </span>
     <span class='ocr_line' id='line_1_5' title="bbox 329 988 1281 1076; baseline 0.002 -20"><span class='ocrx_word' id='word_1_22' title='bbox 329 988 420 1056; x_wconf 80' lang='lat' dir='ltr'><strong>Quin</strong></span> <span class='ocrx_word' id='word_1_23' title='bbox 435 990 532 1055; x_wconf 92' lang='lat' dir='ltr'><strong>etiam</strong></span> <span class='ocrx_word' id='word_1_24' title='bbox 547 990 633 1076; x_wconf 83' lang='lat' dir='ltr'><strong>Lyra</strong></span> <span class='ocrx_word' id='word_1_25' title='bbox 648 991 812 1056; x_wconf 86' lang='lat' dir='ltr'>Mercurio</span> <span class='ocrx_word' id='word_1_26' title='bbox 827 991 952 1070; x_wconf 87' lang='lat' dir='ltr'><strong>dilecta,</strong></span> <span class='ocrx_word' id='word_1_27' title='bbox 970 992 1103 1058; x_wconf 90' lang='lat' dir='ltr'><strong>deorum</strong></span> <span class='ocrx_word' id='word_1_28' title='bbox 1136 999 1203 1033; x_wconf 63' lang='lat'><strong>⁸¹²³·</strong></span> <span class='ocrx_word' id='word_1_29' title='bbox 1230 992 1281 1046; x_wconf 75' lang='grc'><strong>070</strong></span> 
     </span>
     <span class='ocr_line' id='line_1_6' title="bbox 283 1073 984 1162; baseline 0.003 -22"><span class='ocrx_word' id='word_1_30' title='bbox 283 1073 372 1140; x_wconf 93' lang='lat' dir='ltr'><strong>Proli</strong></span> <span class='ocrx_word' id='word_1_31' title='bbox 385 1086 514 1162; x_wconf 89' lang='lat' dir='ltr'><strong>accepta</strong></span> <span class='ocrx_word' id='word_1_32' title='bbox 528 1077 582 1162; x_wconf 91' lang='lat' dir='ltr'><strong>pio</strong></span> <span class='ocrx_word' id='word_1_33' title='bbox 596 1077 674 1142; x_wconf 87' lang='lat' dir='ltr'><strong>caelo</strong></span> <span class='ocrx_word' id='word_1_34' title='bbox 689 1078 772 1142; x_wconf 91' lang='lat' dir='ltr'><strong>nitet</strong></span> <span class='ocrx_word' id='word_1_35' title='bbox 785 1088 861 1142; x_wconf 90' lang='lat' dir='ltr'><strong>ante</strong></span> <span class='ocrx_word' id='word_1_36' title='bbox 875 1077 984 1144; x_wconf 91' lang='lat' dir='ltr'><strong>labore</strong></span> 
     </span>
     <span class='ocr_line' id='line_1_7' title="bbox 284 1160 1071 1264; baseline 0.005 -39"><span class='ocrx_word' id='word_1_37' title='bbox 284 1160 451 1227; x_wconf 90' lang='lat' dir='ltr'><strong>Devictam</strong></span> <span class='ocrx_word' id='word_1_38' title='bbox 467 1162 605 1247; x_wconf 85' lang='lat' dir='ltr'><strong>effigiem</strong></span> <span class='ocrx_word' id='word_1_39' title='bbox 619 1163 730 1249; x_wconf 88' lang='lat' dir='ltr'><strong>planta</strong></span> <span class='ocrx_word' id='word_1_40' title='bbox 744 1186 808 1264; x_wconf 77' lang='lat' dir='ltr'><strong>qua</strong></span> <span class='ocrx_word' id='word_1_41' title='bbox 823 1173 929 1228; x_wconf 88' lang='lat' dir='ltr'><strong>erecta</strong></span> <span class='ocrx_word' id='word_1_42' title='bbox 942 1164 1071 1229; x_wconf 90' lang='lat' dir='ltr'><strong>sinistra</strong></span> 
     </span>
     <span class='ocr_line' id='line_1_8' title="bbox 283 1246 1101 1336; baseline 0.004 -25"><span class='ocrx_word' id='word_1_43' title='bbox 283 1246 443 1333; x_wconf 87' lang='lat' dir='ltr'><strong>Tempora</strong></span> <span class='ocrx_word' id='word_1_44' title='bbox 456 1248 537 1314; x_wconf 88' lang='lat' dir='ltr'><strong>laeva</strong></span> <span class='ocrx_word' id='word_1_45' title='bbox 550 1250 668 1334; x_wconf 85' lang='lat' dir='ltr'><strong>premit</strong></span> <span class='ocrx_word' id='word_1_46' title='bbox 682 1259 759 1316; x_wconf 87' lang='lat' dir='ltr'><strong>tort1</strong></span> <span class='ocrx_word' id='word_1_47' title='bbox 773 1251 919 1336; x_wconf 89' lang='lat' dir='ltr'><strong>subjecta</strong></span> <span class='ocrx_word' id='word_1_48' title='bbox 933 1247 1101 1316; x_wconf 85' lang='lat' dir='ltr'><strong>Draconis.</strong></span> 
     </span>
     <span class='ocr_line' id='line_1_9' title="bbox 284 1331 1188 1422; baseline 0.007 -25"><span class='ocrx_word' id='word_1_49' title='bbox 284 1331 432 1418; x_wconf 89' lang='lat' dir='ltr'><strong>[Summa</strong></span> <span class='ocrx_word' id='word_1_50' title='bbox 445 1356 532 1419; x_wconf 88' lang='lat' dir='ltr'><strong>genu</strong></span> <span class='ocrx_word' id='word_1_51' title='bbox 547 1335 697 1401; x_wconf 86' lang='lat' dir='ltr'><strong>subversa</strong></span> <span class='ocrx_word' id='word_1_52' title='bbox 711 1345 811 1414; x_wconf 91' lang='lat' dir='ltr'><strong>tenet,</strong></span> <span class='ocrx_word' id='word_1_53' title='bbox 828 1358 940 1420; x_wconf 89' lang='lat' dir='ltr'><strong>quase</strong></span> <span class='ocrx_word' id='word_1_54' title='bbox 956 1335 1044 1422; x_wconf 84' lang='lat' dir='ltr'><strong>Lyra</strong></span> <span class='ocrx_word' id='word_1_55' title='bbox 1060 1334 1188 1421; x_wconf 86' lang='lat' dir='ltr'><strong>versat]</strong></span> 
     </span>
     <span class='ocr_line' id='line_1_10' title="bbox 326 1419 1277 1507; baseline 0.004 -23"><span class='ocrx_word' id='word_1_56' title='bbox 326 1419 447 1486; x_wconf 82' lang='lat' dir='ltr'>Contra</span> <span class='ocrx_word' id='word_1_57' title='bbox 461 1429 585 1506; x_wconf 87' lang='lat' dir='ltr'><strong>spectat</strong></span> <span class='ocrx_word' id='word_1_58' title='bbox 599 1443 688 1486; x_wconf 88' lang='lat' dir='ltr'><strong>avem</strong></span> <span class='ocrx_word' id='word_1_59' title='bbox 701 1422 752 1486; x_wconf 86' lang='lat' dir='ltr'><strong>vel</strong></span> <span class='ocrx_word' id='word_1_60' title='bbox 767 1421 887 1488; x_wconf 92' lang='lat' dir='ltr'><strong>Phoebi</strong></span> <span class='ocrx_word' id='word_1_61' title='bbox 901 1422 957 1507; x_wconf 93' lang='lat' dir='ltr'><strong>qui</strong></span> <span class='ocrx_word' id='word_1_62' title='bbox 971 1423 1035 1488; x_wconf 90' lang='lat' dir='ltr'><strong>fuit</strong></span> <span class='ocrx_word' id='word_1_63' title='bbox 1051 1423 1277 1489; x_wconf 64' lang='lat' dir='ltr'><strong>olim⁰Y⁰l¹¹¹⁸·275</strong></span> 
     </span>
     <span class='ocr_line' id='line_1_11' title="bbox 284 1503 1108 1594; baseline 0.006 -24"><span class='ocrx_word' id='word_1_64' title='bbox 284 1503 411 1590; x_wconf 84' lang='lat' dir='ltr'><strong>Cycnus</strong></span> <span class='ocrx_word' id='word_1_65' title='bbox 425 1507 475 1571; x_wconf 88' lang='lat' dir='ltr'><strong>vel</strong></span> <span class='ocrx_word' id='word_1_66' title='bbox 490 1506 589 1572; x_wconf 85' lang='lat' dir='ltr'><strong>Ledae</strong></span> <span class='ocrx_word' id='word_1_67' title='bbox 605 1505 751 1573; x_wconf 81' lang='lat' dir='ltr'><strong>thalamis</strong></span> <span class='ocrx_word' id='word_1_68' title='bbox 767 1509 823 1594; x_wconf 92' lang='lat' dir='ltr'><strong>qui</strong></span> <span class='ocrx_word' id='word_1_69' title='bbox 837 1508 969 1593; x_wconf 82' lang='lat' dir='ltr'><strong>illapsus</strong></span> <span class='ocrx_word' id='word_1_70' title='bbox 983 1509 1108 1575; x_wconf 85' lang='lat' dir='ltr'>adulter</span> 
     </span>
     <span class='ocr_line' id='line_1_12' title="bbox 281 1591 1059 1679; baseline 0.006 -23"><span class='ocrx_word' id='word_1_71' title='bbox 281 1591 383 1658; x_wconf 81' lang='lat' dir='ltr'><strong>Furta</strong></span> <span class='ocrx_word' id='word_1_72' title='bbox 397 1591 485 1657; x_wconf 83' lang='lat' dir='ltr'><strong>Jovis</strong></span> <span class='ocrx_word' id='word_1_73' title='bbox 499 1593 577 1658; x_wconf 82' lang='lat' dir='ltr'><strong>falsa</strong></span> <span class='ocrx_word' id='word_1_74' title='bbox 591 1592 718 1659; x_wconf 86' lang='lat' dir='ltr'>volucer</span> <span class='ocrx_word' id='word_1_75' title='bbox 733 1595 793 1660; x_wconf 91' lang='lat' dir='ltr'><strong>sub</strong></span> <span class='ocrx_word' id='word_1_76' title='bbox 809 1594 948 1679; x_wconf 82' lang='lat' dir='ltr'><strong>imagine</strong></span> <span class='ocrx_word' id='word_1_77' title='bbox 963 1596 1059 1661; x_wconf 88' lang='lat' dir='ltr'><strong>texit.</strong></span> 
     </span>
     <span class='ocr_line' id='line_1_13' title="bbox 282 1677 1049 1765; baseline 0.004 -22"><span class='ocrx_word' id='word_1_78' title='bbox 282 1677 374 1744; x_wconf 89' lang='lat' dir='ltr'>Inter</span> <span class='ocrx_word' id='word_1_79' title='bbox 387 1678 548 1744; x_wconf 83' lang='lat' dir='ltr'><strong>defectum</strong></span> <span class='ocrx_word' id='word_1_80' title='bbox 563 1679 652 1744; x_wconf 88' lang='lat' dir='ltr'><strong>sidus</strong></span> <span class='ocrx_word' id='word_1_81' title='bbox 667 1679 876 1765; x_wconf 85' lang='lat' dir='ltr'><strong>Cycnumque</strong></span> <span class='ocrx_word' id='word_1_82' title='bbox 891 1681 1049 1746; x_wconf 85' lang='lat' dir='ltr'><strong>nitentem</strong></span> 
     </span>
     <span class='ocr_line' id='line_1_14' title="bbox 280 1763 1100 1852; baseline 0.002 -22"><span class='ocrx_word' id='word_1_83' title='bbox 280 1763 484 1831; x_wconf 81' lang='lat' dir='ltr'><strong>Mercurialis</strong></span> <span class='ocrx_word' id='word_1_84' title='bbox 498 1765 596 1834; x_wconf 87' lang='lat' dir='ltr'><strong>babet</strong></span> <span class='ocrx_word' id='word_1_85' title='bbox 611 1765 719 1831; x_wconf 87' lang='lat' dir='ltr'><strong>sedem</strong></span> <span class='ocrx_word' id='word_1_86' title='bbox 734 1765 840 1852; x_wconf 86' lang='lat' dir='ltr'><strong>Lyra;</strong></span> <span class='ocrx_word' id='word_1_87' title='bbox 863 1767 965 1832; x_wconf 88' lang='lat' dir='ltr'><strong>multa</strong></span> <span class='ocrx_word' id='word_1_88' title='bbox 979 1767 1100 1833; x_wconf 88' lang='lat' dir='ltr'><strong>videbis</strong></span> 
     </span>
     <span class='ocr_line' id='line_1_15' title="bbox 281 1850 1274 1937; baseline 0.003 -22"><span class='ocrx_word' id='word_1_89' title='bbox 281 1850 455 1916; x_wconf 86' lang='lat' dir='ltr'><strong>Stellarum</strong></span> <span class='ocrx_word' id='word_1_90' title='bbox 468 1875 566 1916; x_wconf 88' lang='lat' dir='ltr'><strong>vacua</strong></span> <span class='ocrx_word' id='word_1_91' title='bbox 580 1851 614 1915; x_wconf 92' lang='lat' dir='ltr'><strong>in</strong></span> <span class='ocrx_word' id='word_1_92' title='bbox 631 1851 758 1937; x_wconf 87' lang='lat' dir='ltr'><strong>Cycno;</strong></span> <span class='ocrx_word' id='word_1_93' title='bbox 780 1852 884 1917; x_wconf 87' lang='lat' dir='ltr'><strong>multa</strong></span> <span class='ocrx_word' id='word_1_94' title='bbox 896 1853 993 1937; x_wconf 89' lang='lat' dir='ltr'><strong>ignea</strong></span> <span class='ocrx_word' id='word_1_95' title='bbox 1006 1875 1116 1918; x_wconf 88' lang='lat' dir='ltr'><strong>rursus</strong></span> <span class='ocrx_word' id='word_1_96' title='bbox 1226 1857 1274 1904; x_wconf 82' lang='lat'><strong>²⁸⁰</strong></span> 
     </span>
     <span class='ocr_line' id='line_1_16' title="bbox 279 1936 1120 2024; baseline 0.002 -22"><span class='ocrx_word' id='word_1_97' title='bbox 279 1936 352 2002; x_wconf 83' lang='lat' dir='ltr'><strong>Aut</strong></span> <span class='ocrx_word' id='word_1_98' title='bbox 365 1938 462 2003; x_wconf 91' lang='lat' dir='ltr'><strong>medii</strong></span> <span class='ocrx_word' id='word_1_99' title='bbox 476 1937 608 2022; x_wconf 84' lang='lat' dir='ltr'><strong>fulgoris</strong></span> <span class='ocrx_word' id='word_1_100' title='bbox 623 1949 737 2016; x_wconf 81' lang='lat' dir='ltr'><strong>erunt3</strong></span> <span class='ocrx_word' id='word_1_101' title='bbox 760 1959 867 2022; x_wconf 91' lang='lat' dir='ltr'><strong>penna</strong></span> <span class='ocrx_word' id='word_1_102' title='bbox 880 1949 1019 2024; x_wconf 91' lang='lat' dir='ltr'><strong>utraque</strong></span> <span class='ocrx_word' id='word_1_103' title='bbox 1033 1940 1120 2019; x_wconf 88' lang='lat' dir='ltr'><strong>laeta,</strong></span> 
     </span>
     <span class='ocr_line' id='line_1_17' title="bbox 280 2023 1014 2109; baseline 0.004 -22"><span class='ocrx_word' id='word_1_104' title='bbox 280 2023 456 2088; x_wconf 86' lang='lat' dir='ltr'><strong>Dexterior</strong></span> <span class='ocrx_word' id='word_1_105' title='bbox 465 2025 565 2109; x_wconf 87' lang='lat' dir='ltr'><strong>juxta</strong></span> <span class='ocrx_word' id='word_1_106' title='bbox 578 2024 716 2109; x_wconf 87' lang='lat' dir='ltr'><strong>regalem</strong></span> <span class='ocrx_word' id='word_1_107' title='bbox 733 2024 878 2109; x_wconf 85' lang='lat' dir='ltr'><strong>Cepheos</strong></span> <span class='ocrx_word' id='word_1_108' title='bbox 892 2024 1014 2104; x_wconf 90' lang='lat' dir='ltr'><strong>ulnam,</strong></span> 
     </span>
     <span class='ocr_line' id='line_1_18' title="bbox 279 2109 1015 2196; baseline 0.004 -22"><span class='ocrx_word' id='word_1_109' title='bbox 279 2110 329 2174; x_wconf 88' lang='lat' dir='ltr'><strong>At</strong></span> <span class='ocrx_word' id='word_1_110' title='bbox 342 2110 423 2175; x_wconf 87' lang='lat' dir='ltr'><strong>laeva</strong></span> <span class='ocrx_word' id='word_1_111' title='bbox 434 2109 519 2194; x_wconf 88' lang='lat' dir='ltr'><strong>fugit</strong></span> <span class='ocrx_word' id='word_1_112' title='bbox 533 2110 706 2176; x_wconf 85' lang='lat' dir='ltr'><strong>instantem</strong></span> <span class='ocrx_word' id='word_1_113' title='bbox 720 2111 781 2176; x_wconf 88' lang='lat' dir='ltr'><strong>sibi</strong></span> <span class='ocrx_word' id='word_1_114' title='bbox 795 2109 941 2196; x_wconf 83' lang='lat' dir='ltr'><strong>Pegason</strong></span> <span class='ocrx_word' id='word_1_115' title='bbox 955 2112 1015 2177; x_wconf 89' lang='lat' dir='ltr'><strong>ala.</strong></span> 
     </span>
     <span class='ocr_line' id='line_1_19' title="bbox 278 2195 1083 2284; baseline 0.002 -23"><span class='ocrx_word' id='word_1_116' title='bbox 278 2195 424 2262; x_wconf 87' lang='lat' dir='ltr'><strong>Piscibus</strong></span> <span class='ocrx_word' id='word_1_117' title='bbox 437 2196 609 2261; x_wconf 89' lang='lat' dir='ltr'><strong>interlucet</strong></span> <span class='ocrx_word' id='word_1_118' title='bbox 620 2197 695 2281; x_wconf 92' lang='lat' dir='ltr'><strong>equi</strong></span> <span class='ocrx_word' id='word_1_119' title='bbox 709 2197 814 2276; x_wconf 89' lang='lat' dir='ltr'><strong>latus;</strong></span> <span class='ocrx_word' id='word_1_120' title='bbox 837 2197 877 2262; x_wconf 89' lang='lat' dir='ltr'><strong>ad</strong></span> <span class='ocrx_word' id='word_1_121' title='bbox 891 2208 988 2284; x_wconf 89' lang='lat' dir='ltr'><strong>caput</strong></span> <span class='ocrx_word' id='word_1_122' title='bbox 1003 2199 1083 2284; x_wconf 88' lang='lat' dir='ltr'><strong>ejus,</strong></span> 
     </span>
     <span class='ocr_line' id='line_1_20' title="bbox 278 2282 1272 2370; baseline 0.004 -24"><span class='ocrx_word' id='word_1_123' title='bbox 278 2282 407 2349; x_wconf 84' lang='lat' dir='ltr'><strong>Dextra</strong></span> <span class='ocrx_word' id='word_1_124' title='bbox 420 2305 534 2348; x_wconf 90' lang='lat' dir='ltr'><strong>manus</strong></span> <span class='ocrx_word' id='word_1_125' title='bbox 548 2283 657 2347; x_wconf 88' lang='lat' dir='ltr'><strong>latices</strong></span> <span class='ocrx_word' id='word_1_126' title='bbox 672 2305 736 2368; x_wconf 90' lang='lat' dir='ltr'><strong>qua</strong></span> <span class='ocrx_word' id='word_1_127' title='bbox 750 2283 867 2362; x_wconf 82' lang='lat' dir='ltr'><strong>fundit,</strong></span> <span class='ocrx_word' id='word_1_128' title='bbox 884 2284 1047 2370; x_wconf 88' lang='lat' dir='ltr'><strong>Aquarius</strong></span> <span class='ocrx_word' id='word_1_129' title='bbox 1062 2285 1142 2350; x_wconf 87' lang='lat' dir='ltr'><strong>exit.</strong></span> <span class='ocrx_word' id='word_1_130' title='bbox 1225 2291 1272 2338; x_wconf 80' lang='lat'><strong>285</strong></span> 
     </span>
     <span class='ocr_line' id='line_1_21' title="bbox 279 2368 1273 2456; baseline 0.001 -21"><span class='ocrx_word' id='word_1_131' title='bbox 279 2368 356 2435; x_wconf 85' lang='lat' dir='ltr'><strong>Quo</strong></span> <span class='ocrx_word' id='word_1_132' title='bbox 370 2369 457 2454; x_wconf 89' lang='lat' dir='ltr'><strong>prior</strong></span> <span class='ocrx_word' id='word_1_133' title='bbox 471 2369 647 2454; x_wconf 88' lang='lat' dir='ltr'><strong>AEgoceros</strong></span> <span class='ocrx_word' id='word_1_134' title='bbox 661 2392 787 2454; x_wconf 91' lang='lat' dir='ltr'><strong>semper</strong></span> <span class='ocrx_word' id='word_1_135' title='bbox 800 2392 971 2456; x_wconf 87' lang='lat' dir='ltr'><strong>properare</strong></span> <span class='ocrx_word' id='word_1_136' title='bbox 983 2371 1109 2436; x_wconf 88' lang='lat' dir='ltr'><strong>videtur</strong></span> <span class='ocrx_word' id='word_1_137' title='bbox 1139 2371 1273 2420; x_wconf 65' lang='lat' dir='ltr'><strong>[ieramus</strong></span> 
     </span>
     <span class='ocr_line' id='line_1_22' title="bbox 278 2455 1296 2541; baseline 0.004 -22"><span class='ocrx_word' id='word_1_138' title='bbox 278 2455 408 2520; x_wconf 90' lang='lat' dir='ltr'><strong>Oceano</strong></span> <span class='ocrx_word' id='word_1_139' title='bbox 422 2477 545 2520; x_wconf 91' lang='lat' dir='ltr'><strong>mersus</strong></span> <span class='ocrx_word' id='word_1_140' title='bbox 560 2455 678 2541; x_wconf 89' lang='lat' dir='ltr'><strong>sopitas</strong></span> <span class='ocrx_word' id='word_1_141' title='bbox 691 2456 828 2520; x_wconf 88' lang='lat' dir='ltr'><strong>condere</strong></span> <span class='ocrx_word' id='word_1_142' title='bbox 842 2457 996 2522; x_wconf 85' lang='lat' dir='ltr'><strong>flammas.</strong></span> <span class='ocrx_word' id='word_1_143' title='bbox 1091 2459 1269 2506; x_wconf 70' lang='lat'><strong>[⁰⁴¹&#39;⁸¹⁰⁰¹²⁸⁰&#39;·</strong></span> <span class='ocrx_word' id='word_1_144' title='bbox 1293 2493 1296 2504; x_wconf 88' lang='lat'>.</span> 
     </span>
     <span class='ocr_line' id='line_1_23' title="bbox 277 2541 1070 2628; baseline 0.004 -23"><span class='ocrx_word' id='word_1_145' title='bbox 277 2541 362 2605; x_wconf 87' lang='lat' dir='ltr'><strong>Tum</strong></span> <span class='ocrx_word' id='word_1_146' title='bbox 376 2542 479 2607; x_wconf 88' lang='lat' dir='ltr'><strong>brevis</strong></span> <span class='ocrx_word' id='word_1_147' title='bbox 493 2564 621 2606; x_wconf 90' lang='lat' dir='ltr'><strong>occasus</strong></span> <span class='ocrx_word' id='word_1_148' title='bbox 636 2553 790 2627; x_wconf 88' lang='lat' dir='ltr'><strong>ortusque</strong></span> <span class='ocrx_word' id='word_1_149' title='bbox 803 2543 967 2628; x_wconf 89' lang='lat' dir='ltr'><strong>intercipit</strong></span> <span class='ocrx_word' id='word_1_150' title='bbox 980 2543 1070 2622; x_wconf 89' lang='lat' dir='ltr'><strong>hora,</strong></span> 
     </span>
     <span class='ocr_line' id='line_1_24' title="bbox 278 2626 1053 2714; baseline 0.001 -20"><span class='ocrx_word' id='word_1_151' title='bbox 278 2627 391 2694; x_wconf 85' lang='lat' dir='ltr'><strong>Quum</strong></span> <span class='ocrx_word' id='word_1_152' title='bbox 404 2629 452 2693; x_wconf 92' lang='lat' dir='ltr'><strong>sol</strong></span> <span class='ocrx_word' id='word_1_153' title='bbox 466 2628 615 2693; x_wconf 92' lang='lat' dir='ltr'><strong>ambierit</strong></span> <span class='ocrx_word' id='word_1_154' title='bbox 628 2638 729 2694; x_wconf 90' lang='lat' dir='ltr'><strong>metas</strong></span> <span class='ocrx_word' id='word_1_155' title='bbox 744 2629 841 2713; x_wconf 87' lang='lat' dir='ltr'><strong>gelidi</strong></span> <span class='ocrx_word' id='word_1_156' title='bbox 856 2626 1053 2714; x_wconf 85' lang='lat' dir='ltr'><strong>Capricorni.</strong></span> 
     </span>
     <span class='ocr_line' id='line_1_25' title="bbox 277 2714 1271 2799; baseline 0.001 -19"><span class='ocrx_word' id='word_1_157' title='bbox 277 2714 364 2780; x_wconf 90' lang='lat' dir='ltr'><strong>Nam</strong></span> <span class='ocrx_word' id='word_1_158' title='bbox 379 2737 485 2798; x_wconf 90' lang='lat' dir='ltr'><strong>neque</strong></span> <span class='ocrx_word' id='word_1_159' title='bbox 499 2714 643 2799; x_wconf 86' lang='lat' dir='ltr'><strong>perficiet</strong></span> <span class='ocrx_word' id='word_1_160' title='bbox 656 2737 766 2780; x_wconf 90' lang='lat' dir='ltr'><strong>cursus</strong></span> <span class='ocrx_word' id='word_1_161' title='bbox 780 2726 813 2780; x_wconf 92' lang='lat' dir='ltr'><strong>et</strong></span> <span class='ocrx_word' id='word_1_162' title='bbox 827 2725 901 2780; x_wconf 88' lang='lat' dir='ltr'><strong>vota</strong></span> <span class='ocrx_word' id='word_1_163' title='bbox 914 2716 1019 2781; x_wconf 89' lang='lat' dir='ltr'><strong>brevis</strong></span> <span class='ocrx_word' id='word_1_164' title='bbox 1032 2717 1104 2793; x_wconf 89' lang='lat' dir='ltr'><strong>lux,</strong></span> <span class='ocrx_word' id='word_1_165' title='bbox 1223 2719 1271 2767; x_wconf 80' lang='lat'><strong>290</strong></span> 
     </span>
     <span class='ocr_line' id='line_1_26' title="bbox 276 2801 1030 2886; baseline 0.003 -22"><span class='ocrx_word' id='word_1_166' title='bbox 276 2801 323 2866; x_wconf 89' lang='lat' dir='ltr'><strong>Et</strong></span> <span class='ocrx_word' id='word_1_167' title='bbox 338 2823 439 2886; x_wconf 91' lang='lat' dir='ltr'><strong>quum</strong></span> <span class='ocrx_word' id='word_1_168' title='bbox 454 2811 591 2865; x_wconf 89' lang='lat' dir='ltr'><strong>terrores</strong></span> <span class='ocrx_word' id='word_1_169' title='bbox 606 2810 703 2885; x_wconf 89' lang='lat' dir='ltr'><strong>auget</strong></span> <span class='ocrx_word' id='word_1_170' title='bbox 717 2823 785 2866; x_wconf 83' lang='lat' dir='ltr'><strong>nox</strong></span> <span class='ocrx_word' id='word_1_171' title='bbox 797 2812 867 2866; x_wconf 90' lang='lat' dir='ltr'><strong>atra</strong></span> <span class='ocrx_word' id='word_1_172' title='bbox 880 2801 1030 2879; x_wconf 88' lang='lat' dir='ltr'><strong>marinos,</strong></span> 
     </span>
     <span class='ocr_line' id='line_1_27' title="bbox 275 2886 1082 2972; baseline 0 -20"><span class='ocrx_word' id='word_1_173' title='bbox 275 2886 421 2952; x_wconf 92' lang='lat' dir='ltr'><strong>Multum</strong></span> <span class='ocrx_word' id='word_1_174' title='bbox 436 2887 586 2952; x_wconf 89' lang='lat' dir='ltr'><strong>clamatos</strong></span> <span class='ocrx_word' id='word_1_175' title='bbox 601 2886 719 2952; x_wconf 88' lang='lat' dir='ltr'><strong>frustra</strong></span> <span class='ocrx_word' id='word_1_176' title='bbox 736 2888 967 2972; x_wconf 82' lang='lat' dir='ltr'><strong>exspectaveris</strong></span> <span class='ocrx_word' id='word_1_177' title='bbox 982 2897 1082 2953; x_wconf 89' lang='lat' dir='ltr'><strong>ortus.</strong></span> 
     </span>
     <span class='ocr_line' id='line_1_28' title="bbox 275 2972 1193 3059; baseline 0 -22"><span class='ocrx_word' id='word_1_178' title='bbox 275 2973 367 3038; x_wconf 84' lang='lat' dir='ltr'><strong>Tunc</strong></span> <span class='ocrx_word' id='word_1_179' title='bbox 382 2974 468 3058; x_wconf 91' lang='lat' dir='ltr'><strong>rigor</strong></span> <span class='ocrx_word' id='word_1_180' title='bbox 482 2984 539 3037; x_wconf 90' lang='lat' dir='ltr'><strong>aut</strong></span> <span class='ocrx_word' id='word_1_181' title='bbox 553 2973 682 3058; x_wconf 90' lang='lat' dir='ltr'><strong>rapidus</strong></span> <span class='ocrx_word' id='word_1_182' title='bbox 696 2984 797 3059; x_wconf 91' lang='lat' dir='ltr'><strong>ponto</strong></span> <span class='ocrx_word' id='word_1_183' title='bbox 811 2984 890 3039; x_wconf 91' lang='lat' dir='ltr'><strong>tunc</strong></span> <span class='ocrx_word' id='word_1_184' title='bbox 904 2975 1036 3040; x_wconf 90' lang='lat' dir='ltr'><strong>incubat</strong></span> <span class='ocrx_word' id='word_1_185' title='bbox 1051 2972 1193 3052; x_wconf 86' lang='lat' dir='ltr'><strong>Auster;</strong></span> 
     </span>
     <span class='ocr_line' id='line_1_29' title="bbox 275 3058 1116 3146; baseline 0.001 -22"><span class='ocrx_word' id='word_1_186' title='bbox 275 3058 373 3144; x_wconf 89' lang='lat' dir='ltr'><strong>Pigra</strong></span> <span class='ocrx_word' id='word_1_187' title='bbox 387 3059 572 3145; x_wconf 82' lang='lat' dir='ltr'><strong>ministeria,</strong></span> <span class='ocrx_word' id='word_1_188' title='bbox 589 3070 623 3124; x_wconf 93' lang='lat' dir='ltr'><strong>et</strong></span> <span class='ocrx_word' id='word_1_189' title='bbox 636 3059 743 3125; x_wconf 89' lang='lat' dir='ltr'><strong>nautis</strong></span> <span class='ocrx_word' id='word_1_190' title='bbox 759 3070 878 3125; x_wconf 91' lang='lat' dir='ltr'><strong>tremor</strong></span> <span class='ocrx_word' id='word_1_191' title='bbox 892 3060 1003 3146; x_wconf 88' lang='lat' dir='ltr'><strong>alligat</strong></span> <span class='ocrx_word' id='word_1_192' title='bbox 1017 3073 1116 3125; x_wconf 89' lang='lat' dir='ltr'><strong>artus.</strong></span> 
     </span>
     <span class='ocr_line' id='line_1_30' title="bbox 276 3145 1267 3231; baseline 0.003 -21"><span class='ocrx_word' id='word_1_193' title='bbox 276 3146 341 3211; x_wconf 90' lang='lat' dir='ltr'><strong>Sed</strong></span> <span class='ocrx_word' id='word_1_194' title='bbox 354 3147 512 3211; x_wconf 91' lang='lat' dir='ltr'><strong>rationem</strong></span> <span class='ocrx_word' id='word_1_195' title='bbox 527 3146 625 3211; x_wconf 91' lang='lat' dir='ltr'><strong>animi</strong></span> <span class='ocrx_word' id='word_1_196' title='bbox 639 3147 807 3211; x_wconf 91' lang='lat' dir='ltr'><strong>temeraria</strong></span> <span class='ocrx_word' id='word_1_197' title='bbox 821 3157 950 3231; x_wconf 86' lang='lat' dir='ltr'><strong>pectora</strong></span> <span class='ocrx_word' id='word_1_198' title='bbox 964 3145 1104 3220; x_wconf 77' lang='lat' dir='ltr'><strong>solvunt:</strong></span> <span class='ocrx_word' id='word_1_199' title='bbox 1221 3147 1267 3194; x_wconf 79' lang='lat'><strong>²95</strong></span> 
     </span>
     <span class='ocr_line' id='line_1_31' title="bbox 275 3233 1138 3318; baseline -0.001 -21"><span class='ocrx_word' id='word_1_200' title='bbox 275 3233 375 3298; x_wconf 89' lang='lat' dir='ltr'><strong>Nulla</strong></span> <span class='ocrx_word' id='word_1_201' title='bbox 390 3233 458 3297; x_wconf 86' lang='lat' dir='ltr'><strong>dies</strong></span> <span class='ocrx_word' id='word_1_202' title='bbox 472 3233 586 3311; x_wconf 88' lang='lat' dir='ltr'><strong>oritur,</strong></span> <span class='ocrx_word' id='word_1_203' title='bbox 603 3254 676 3318; x_wconf 88' lang='lat' dir='ltr'><strong>quae</strong></span> <span class='ocrx_word' id='word_1_204' title='bbox 687 3234 869 3318; x_wconf 87' lang='lat' dir='ltr'><strong>jamvaoua</strong></span> <span class='ocrx_word' id='word_1_205' title='bbox 884 3255 1014 3318; x_wconf 89' lang='lat' dir='ltr'><strong>aequora</strong></span> <span class='ocrx_word' id='word_1_206' title='bbox 1028 3243 1138 3298; x_wconf 88' lang='lat' dir='ltr'><strong>cernat</strong></span> 
     </span>
     <span class='ocr_line' id='line_1_32' title="bbox 274 3318 1143 3404; baseline -0.002 -20"><span class='ocrx_word' id='word_1_207' title='bbox 274 3320 454 3404; x_wconf 88' lang='lat' dir='ltr'><strong>Puppibus,</strong></span> <span class='ocrx_word' id='word_1_208' title='bbox 471 3329 504 3383; x_wconf 90' lang='lat' dir='ltr'><strong>et</strong></span> <span class='ocrx_word' id='word_1_209' title='bbox 520 3341 645 3404; x_wconf 91' lang='lat' dir='ltr'><strong>semper</strong></span> <span class='ocrx_word' id='word_1_210' title='bbox 661 3319 791 3383; x_wconf 91' lang='lat' dir='ltr'><strong>tumidis</strong></span> <span class='ocrx_word' id='word_1_211' title='bbox 806 3319 884 3384; x_wconf 91' lang='lat' dir='ltr'><strong>ratis</strong></span> <span class='ocrx_word' id='word_1_212' title='bbox 898 3319 1025 3384; x_wconf 87' lang='lat' dir='ltr'><strong>innatat</strong></span> <span class='ocrx_word' id='word_1_213' title='bbox 1039 3318 1143 3383; x_wconf 79' lang='lat' dir='ltr'><strong>undis,</strong></span> 
     </span>
     <span class='ocr_line' id='line_1_33' title="bbox 274 3405 1114 3491; baseline -0.005 -19"><span class='ocrx_word' id='word_1_214' title='bbox 274 3406 316 3472; x_wconf 94' lang='lat' dir='ltr'><strong>In</strong></span> <span class='ocrx_word' id='word_1_215' title='bbox 331 3417 417 3470; x_wconf 88' lang='lat' dir='ltr'><strong>terra</strong></span> <span class='ocrx_word' id='word_1_216' title='bbox 430 3415 555 3470; x_wconf 91' lang='lat' dir='ltr'><strong>tentare</strong></span> <span class='ocrx_word' id='word_1_217' title='bbox 570 3406 672 3470; x_wconf 89' lang='lat' dir='ltr'><strong>undas</strong></span> <span class='ocrx_word' id='word_1_218' title='bbox 679 3407 792 3491; x_wconf 90' lang='lat' dir='ltr'><strong>juvat;</strong></span> <span class='ocrx_word' id='word_1_219' title='bbox 816 3429 928 3490; x_wconf 90' lang='lat' dir='ltr'><strong>aspera</strong></span> <span class='ocrx_word' id='word_1_220' title='bbox 943 3405 999 3470; x_wconf 90' lang='lat' dir='ltr'><strong>sed</strong></span> <span class='ocrx_word' id='word_1_221' title='bbox 1013 3428 1114 3490; x_wconf 91' lang='lat' dir='ltr'><strong>quum</strong></span> 
     </span>
     <span class='ocr_line' id='line_1_34' title="bbox 273 3491 977 3576; baseline -0.003 -19"><span class='ocrx_word' id='word_1_222' title='bbox 273 3492 422 3557; x_wconf 86' lang='lat' dir='ltr'><strong>Assultat</strong></span> <span class='ocrx_word' id='word_1_223' title='bbox 435 3491 528 3557; x_wconf 90' lang='lat' dir='ltr'><strong>lateri</strong></span> <span class='ocrx_word' id='word_1_224' title='bbox 543 3492 707 3576; x_wconf 81' lang='lat' dir='ltr'><strong>deprensae</strong></span> <span class='ocrx_word' id='word_1_225' title='bbox 724 3514 836 3576; x_wconf 89' lang='lat' dir='ltr'><strong>spuma</strong></span> <span class='ocrx_word' id='word_1_226' title='bbox 851 3493 977 3556; x_wconf 86' lang='lat' dir='ltr'><strong>carinae.</strong></span> 
     </span>
     <span class='ocr_line' id='line_1_35' title="bbox 273 3577 1266 3664; baseline 0 -22"><span class='ocrx_word' id='word_1_227' title='bbox 273 3579 365 3644; x_wconf 89' lang='lat' dir='ltr'><strong>Tunc</strong></span> <span class='ocrx_word' id='word_1_228' title='bbox 380 3578 434 3642; x_wconf 91' lang='lat' dir='ltr'><strong>alii</strong></span> <span class='ocrx_word' id='word_1_229' title='bbox 448 3600 558 3642; x_wconf 87' lang='lat' dir='ltr'><strong>curvos</strong></span> <span class='ocrx_word' id='word_1_230' title='bbox 572 3588 778 3663; x_wconf 89' lang='lat' dir='ltr'><strong>prospectant</strong></span> <span class='ocrx_word' id='word_1_231' title='bbox 792 3578 885 3642; x_wconf 91' lang='lat' dir='ltr'><strong>litore</strong></span> <span class='ocrx_word' id='word_1_232' title='bbox 900 3587 1023 3664; x_wconf 91' lang='lat' dir='ltr'><strong>portus,</strong></span> <span class='ocrx_word' id='word_1_233' title='bbox 1216 3577 1266 3624; x_wconf 79' lang='grc'><strong>000</strong></span> 
     </span>
     <span class='ocr_line' id='line_1_36' title="bbox 273 3663 1049 3750; baseline -0.004 -20"><span class='ocrx_word' id='word_1_234' title='bbox 273 3665 489 3750; x_wconf 89' lang='lat' dir='ltr'><strong>Inventasque</strong></span> <span class='ocrx_word' id='word_1_235' title='bbox 505 3663 559 3728; x_wconf 91' lang='lat' dir='ltr'><strong>alii</strong></span> <span class='ocrx_word' id='word_1_236' title='bbox 575 3674 673 3729; x_wconf 89' lang='lat' dir='ltr'><strong>terras</strong></span> <span class='ocrx_word' id='word_1_237' title='bbox 687 3686 746 3749; x_wconf 91' lang='lat' dir='ltr'><strong>pro</strong></span> <span class='ocrx_word' id='word_1_238' title='bbox 761 3685 894 3728; x_wconf 90' lang='lat' dir='ltr'><strong>munere</strong></span> <span class='ocrx_word' id='word_1_239' title='bbox 908 3675 1049 3729; x_wconf 89' lang='lat' dir='ltr'><strong>narrant.</strong></span> 
     </span>
     <span class='ocr_line' id='line_1_37' title="bbox 271 3749 1123 3836; baseline -0.004 -20"><span class='ocrx_word' id='word_1_240' title='bbox 271 3749 402 3817; x_wconf 91' lang='lat' dir='ltr'><strong>Interea</strong></span> <span class='ocrx_word' id='word_1_241' title='bbox 417 3750 582 3817; x_wconf 86' lang='lat' dir='ltr'><strong>exanimat</strong></span> <span class='ocrx_word' id='word_1_242' title='bbox 597 3752 726 3836; x_wconf 91' lang='lat' dir='ltr'><strong>pavidos</strong></span> <span class='ocrx_word' id='word_1_243' title='bbox 740 3750 890 3815; x_wconf 88' lang='lat' dir='ltr'><strong>instantis</strong></span> <span class='ocrx_word' id='word_1_244' title='bbox 905 3773 998 3836; x_wconf 89' lang='lat' dir='ltr'><strong>aquae</strong></span> <span class='ocrx_word' id='word_1_245' title='bbox 1014 3771 1123 3828; x_wconf 81' lang='lat' dir='ltr'><strong>mons3</strong></span> 
     </span>
     <span class='ocr_line' id='line_1_38' title="bbox 273 3836 989 3924; baseline -0.003 -22"><span class='ocrx_word' id='word_1_246' title='bbox 273 3837 336 3904; x_wconf 88' lang='lat' dir='ltr'><strong>Ast</strong></span> <span class='ocrx_word' id='word_1_247' title='bbox 350 3838 404 3902; x_wconf 87' lang='lat' dir='ltr'><strong>alii</strong></span> <span class='ocrx_word' id='word_1_248' title='bbox 419 3836 531 3923; x_wconf 90' lang='lat' dir='ltr'><strong>procul</strong></span> <span class='ocrx_word' id='word_1_249' title='bbox 546 3860 565 3901; x_wconf 91' lang='lat' dir='ltr'><strong>a</strong></span> <span class='ocrx_word' id='word_1_250' title='bbox 579 3846 664 3902; x_wconf 89' lang='lat' dir='ltr'><strong>terra</strong></span> <span class='ocrx_word' id='word_1_251' title='bbox 675 3839 840 3924; x_wconf 85' lang='lat' dir='ltr'><strong>jactantur</strong></span> <span class='ocrx_word' id='word_1_252' title='bbox 854 3837 888 3901; x_wconf 91' lang='lat' dir='ltr'><strong>in</strong></span> <span class='ocrx_word' id='word_1_253' title='bbox 904 3837 969 3902; x_wconf 89' lang='lat' dir='ltr'><strong>alto</strong></span> <span class='ocrx_word' id='word_1_254' title='bbox 981 3863 989 3914; x_wconf 90' lang='lat'><strong>;</strong></span> 
     </span>
     <span class='ocr_line' id='line_1_39' title="bbox 271 3923 1122 4007; baseline -0.004 -18"><span class='ocrx_word' id='word_1_255' title='bbox 271 3923 385 3990; x_wconf 89' lang='lat' dir='ltr'><strong>Munit</strong></span> <span class='ocrx_word' id='word_1_256' title='bbox 399 3947 453 3989; x_wconf 90' lang='lat' dir='ltr'><strong>eos</strong></span> <span class='ocrx_word' id='word_1_257' title='bbox 467 3924 561 3989; x_wconf 90' lang='lat' dir='ltr'><strong>breve</strong></span> <span class='ocrx_word' id='word_1_258' title='bbox 576 3923 701 4007; x_wconf 89' lang='lat' dir='ltr'><strong>lignum</strong></span> <span class='ocrx_word' id='word_1_259' title='bbox 714 3932 749 3987; x_wconf 93' lang='lat' dir='ltr'><strong>et</strong></span> <span class='ocrx_word' id='word_1_260' title='bbox 763 3924 829 3987; x_wconf 90' lang='lat' dir='ltr'><strong>fata</strong></span> <span class='ocrx_word' id='word_1_261' title='bbox 843 3923 996 3988; x_wconf 90' lang='lat' dir='ltr'><strong>instantia</strong></span> <span class='ocrx_word' id='word_1_262' title='bbox 1010 3923 1102 4007; x_wconf 88' lang='lat' dir='ltr'><strong>pellit</strong></span> <span class='ocrx_word' id='word_1_263' title='bbox 1114 3949 1122 4001; x_wconf 85' lang='lat'>3</span> 
     </span>
     <span class='ocr_line' id='line_1_40' title="bbox 273 4008 1263 4094; baseline -0.005 -18"><span class='ocrx_word' id='word_1_264' title='bbox 273 4011 359 4076; x_wconf 89' lang='lat' dir='ltr'><strong>Nam</strong></span> <span class='ocrx_word' id='word_1_265' title='bbox 375 4021 503 4076; x_wconf 88' lang='lat' dir='ltr'><strong>tantum</strong></span> <span class='ocrx_word' id='word_1_266' title='bbox 518 4033 536 4074; x_wconf 92' lang='lat' dir='ltr'><strong>a</strong></span> <span class='ocrx_word' id='word_1_267' title='bbox 550 4009 627 4087; x_wconf 92' lang='lat' dir='ltr'><strong>leto,</strong></span> <span class='ocrx_word' id='word_1_268' title='bbox 643 4019 801 4094; x_wconf 90' lang='lat' dir='ltr'><strong>quantum</strong></span> <span class='ocrx_word' id='word_1_269' title='bbox 812 4021 881 4074; x_wconf 89' lang='lat' dir='ltr'><strong>rate</strong></span> <span class='ocrx_word' id='word_1_270' title='bbox 896 4009 1059 4087; x_wconf 87' lang='lat' dir='ltr'><strong>fluctibus,</strong></span> <span class='ocrx_word' id='word_1_271' title='bbox 1075 4009 1204 4074; x_wconf 89' lang='lat' dir='ltr'><strong>absunt.</strong></span> <span class='ocrx_word' id='word_1_272' title='bbox 1216 4008 1263 4056; x_wconf 78' lang='grc'><strong>000</strong></span> 
     </span>
    </p>
   </div>
   <div class='ocr_carea' id='block_1_3' title="bbox 314 4094 1135 4219">
    <p class='ocr_par' dir='ltr' id='par_1_3' title="bbox 314 4094 1135 4219">
     <span class='ocr_line' id='line_1_41' title="bbox 314 4094 1135 4219; baseline -0.002 -58"><span class='ocrx_word' id='word_1_273' title='bbox 314 4096 467 4182; x_wconf 86' lang='lat' dir='ltr'><strong>Belligeri</strong></span> <span class='ocrx_word' id='word_1_274' title='bbox 482 4096 579 4162; x_wconf 90' lang='lat' dir='ltr'><strong>Titan</strong></span> <span class='ocrx_word' id='word_1_275' title='bbox 593 4117 745 4181; x_wconf 87' lang='lat' dir='ltr'><strong>magnum</strong></span> <span class='ocrx_word' id='word_1_276' title='bbox 761 4118 862 4180; x_wconf 89' lang='lat' dir='ltr'><strong>quum</strong></span> <span class='ocrx_word' id='word_1_277' title='bbox 877 4094 1012 4179; x_wconf 89' lang='lat' dir='ltr'><strong>contigit</strong></span> <span class='ocrx_word' id='word_1_278' title='bbox 1026 4117 1135 4219; x_wconf 65' lang='lat' dir='ltr'><strong>arcupp</strong></span> 
     </span>
    </p>
   </div>
   <div class='ocr_carea' id='block_1_4' title="bbox 0 0 1438 4848">
    <p class='ocr_par' dir='ltr' id='par_1_4' title="bbox 0 0 1438 4848">
     <span class='ocr_line' id='line_1_42' title="bbox 0 0 1438 4848; baseline 0 6"><span class='ocrx_word' id='word_1_279' title='bbox 0 0 1438 4848; x_wconf 95' lang='lat' dir='ltr'><strong> </strong></span> 
     </span>
    </p>
   </div>
  </div>
 </body>
</html>
