2902 4838
502 605 537 640 sn
550 605 728 642 rnauournn
740 605 858 642 sauses.
1121 594 1178 642 xxxi

181 731 292 780 Plinium
302 730 403 780 XVIII.
421 747 475 795 cap.
487 734 526 792 25,
546 733 657 782 Servium
674 733 704 782 ad
722 735 810 795 Georg.
828 731 872 780 lib.
886 731 907 780 1.
917 747 942 780 v.
952 733 1007 791 222,
1018 737 1043 782 et
1062 747 1075 781 e
1093 748 1176 782 recen·

180 797 283 845 tioribus
303 797 436 845 Cellarium
455 798 537 847 Elem.
555 802 617 847 Astr.
637 813 691 862 pag.
708 800 747 855 31,
763 799 802 856 38,
822 797 1076 846 36.-SCH.—Sic
1095 798 1177 861 FPgb.

181 870 263 910 ventus
273 877 342 924 super
352 865 461 911 imminet
471 866 525 926 cyri
537 865 586 912 BE.
602 869 685 912 nortus
695 878 765 925 super
775 864 883 911 immevet
890 865 938 910 atri
948 863 980 910 A.
997 865 1091 911 varim
1098 879 1176 926 ruper-

181 929 290 976 imminet
308 934 375 975 artes
393 943 417 990 g.
443 943 509 991 susp.
526 929 578 990 (qui
596 943 682 991 porum
701 928 828 990 perspicue
845 933 958 975 annotat:
978 925 1034 975 MS.
1045 927 1132 985 alieno,
1149 937 1178 977 ut

181 991 240 1050 dixi,
251 992 304 1040 loco
315 999 382 1040 astos
392 992 483 1052 refert)
493 995 601 1056 agricole
608 999 732 1042 maturans
740 996 848 1041 imminet
868 997 936 1040 astos
944 991 1016 1039 Voss.
1028 992 1058 1039 ed
1074 995 1139 1042 Aret.
1151 1009 1175 1056 p.

181 1058 220 1104 52.
249 1056 328 1113 Quum
336 1061 408 1118 perit,
424 1060 552 1119 agricolam
561 1059 648 1106 uellem
657 1060 833 1120 superimminet
848 1063 915 1106 artes
925 1073 943 1104 s.
956 1056 1111 1118 coni-OB.

214 1122 270 1169 268.
286 1122 373 1169 Ventus
383 1126 559 1184 superimminet
568 1122 657 1186 auster]
671 1124 727 1172 MS.
738 1123 825 1179 alieno,
838 1123 873 1169 uti
885 1122 942 1179 diri,
955 1121 1006 1170 loco
1018 1125 1084 1169 astae
1095 1122 1177 1182 refert,

180 1193 206 1234 et
217 1194 358 1248 sequentem
378 1202 475 1235 versum
492 1188 526 1235 ita
543 1188 655 1250 concipit,
673 1187 706 1235 Ar
723 1203 776 1235 cum
791 1191 868 1249 surgit
886 1187 959 1234 iriense
972 1193 1047 1248 ponto
1058 1188 1178 1250 sapienda

177 1253 269 1314 peritii.
297 1252 388 1300 Versus
408 1260 490 1300 autem
509 1253 553 1300 hos
570 1254 606 1300 ita
623 1253 738 1314 legendos
755 1259 825 1315 puto,
846 1251 906 1300 Cum
923 1255 1027 1313 primum
1048 1253 1177 1315 agricolam

179 1319 275 1365 ventem
290 1319 464 1378 superimminet
481 1325 557 1378 aetas,
575 1317 675 1365 Etcum
685 1320 760 1380 surgit
771 1317 845 1364 bierm
860 1322 941 1380 ponto,
951 1317 1070 1379 firpiendo
1083 1319 1177 1380 peritis.

180 1381 247 1428 Alibi
257 1397 353 1445 quoque
364 1385 458 1430 oenum
468 1381 493 1429 irr
505 1389 588 1430 ventus
596 1389 719 1430 mutatum
728 1390 774 1430 est.
802 1382 892 1429 Confer
904 1397 961 1429 cum
969 1381 1024 1428 istis
1036 1382 1175 1432 Ciceronis:

179 1444 313 1508 Propterea
330 1449 393 1508 quod
409 1453 432 1494 et
448 1451 535 1495 astutis
547 1448 682 1510 primordio
701 1447 785 1504 claret,
802 1445 838 1493 Et
849 1452 904 1508 port
920 1445 1013 1494 hiberni
1021 1462 1071 1509 pra
1104 1447 1176 1496 ndens

181 1514 291 1572 temporis
302 1518 374 1570 ortus,
396 1511 518 1570 Admonet,
535 1518 563 1560 ut
580 1513 693 1560 neandent
709 1513 821 1560 mortales
840 1513 930 1558 semino
948 1515 1026 1560 terris.
1088 1527 1177 1561 uorum

180 1591 264 1624 versus
274 1577 367 1638 primus
378 1582 505 1637 corruptus
515 1578 541 1625 in
552 1577 664 1639 vulgetis.
684 1577 769 1624 Geor.
801 1575 1012 1639 Ventus..ouster]
1025 1575 1177 1626 Perventum

180 1641 544 1704 austrum'superimminentem
555 1642 675 1705 agricolis,
693 1643 782 1690 astatis
800 1641 898 1688 initium
915 1641 1033 1704 designat.
1066 1640 1177 1704 Antiqua

181 1713 263 1753 summ
275 1705 365 1753 locutio
377 1711 458 1753 ventur
468 1713 554 1765 auster,
566 1711 685 1755 utaentur
704 1709 793 1768 aquilo.
819 1706 958 1768 Propertius
969 1706 998 1755 11
1011 1705 1072 1767 eleg.
1084 1707 1108 1763 4,
1121 1710 1177 1756 nni-0

122 1800 126 1806 ·
171 1769 217 1818 ‘Et
235 1770 301 1820 nobie
318 1771 408 1833 equile,
427 1770 540 1833 Cynthia,
557 1779 640 1820 ventae
658 1775 711 1820 erit.
747 1771 807 1819 Cato
826 1772 858 1819 R.
877 1771 909 1818 R.
929 1786 950 1818 c.
967 1772 1007 1830 40,
1023 1770 1087 1818 Vites
1103 1773 1177 1820 inseri

180 1842 272 1898 oportet
281 1836 337 1884 luno
346 1837 426 1884 silenti
435 1841 489 1898 post
498 1837 619 1884 meridiem
629 1839 679 1884 siue
689 1840 756 1884 vento
767 1841 856 1884 austro.
890 1837 923 1883 Et
934 1835 992 1882 alibi
1002 1835 1102 1898 passim.
1135 1835 1176 1885 Sic

181 1901 248 1948 enim
267 1900 436 1963 loquebantur,
454 1900 522 1950 nobie
538 1909 590 1950 eret
606 1909 688 1950 ventus
705 1908 798 1948 auster:
815 1906 884 1948 vento
901 1907 982 1948 amtro
998 1899 1176 1962 carpebamus.

183 1965 245 2013 Haec
258 1965 340 2015 Situ.
370 1965 477 2014 Exercit.
490 1965 554 2014 Plin.
566 1982 620 2030 pag.
631 1969 687 2026 523,
700 1967 723 2013 b.
736 1967 768 2024 A,
780 1965 809 2022 B,
823 1966 852 2013 C.
881 1965 945 2012 Mihi
957 1965 1176 2015 nonvideturIerri

180 2045 252 2092 posse
263 2029 417 2087 constructio,
428 2031 557 2093 apriculam
567 2033 752 2094 superimminet.
776 2030 864 2078 Malim
872 2044 937 2092 ergo,
949 2031 1079 2092 apriculum
1089 2031 1176 2079 uellem

179 2098 363 2157 superimminet,
381 2095 419 2142 vel
429 2097 536 2157 agricole
547 2100 640 2144 vennas
649 2099 825 2158 superimminet
836 2101 910 2143 estes.
945 2094 992 2143 Est
1003 2103 1085 2143 autem
1097 2095 1177 2145 Autor

181 2167 264 2208 noster
275 2159 371 2222 Virgilii
379 2160 493 2208 imitator.
527 2161 604 2224 Atqui
615 2161 733 2224 Virffl'lius
743 2161 768 2207 in
781 2160 848 2222 Copa
857 2174 928 2206 versu
938 2159 983 2207 ult.
1017 2161 1087 2207 More
1097 2168 1176 2209 autem

180 2225 276 2285 vellens,
294 2228 373 2282 vivite,
384 2227 436 2281 uit,
455 2228 530 2274 venio.
564 2227 631 2288 Ergo
642 2226 695 2274 haec
705 2225 778 2274 lectio
790 2226 861 2272 unice
872 2225 1034 2287 praeoptande.
1071 2225 1176 2288 ineptis·

182 2290 272 2338 simum
290 2290 388 2352 quidem
406 2299 444 2338 est
460 2295 555 2339 veniens
571 2293 754 2354 superimminet.
787 2290 854 2338 Male
871 2291 930 2336 item
950 2295 1030 2338 auster
1047 2291 1176 2351 opponitur

181 2353 261 2404 dumi.
286 2355 339 2403 Nec
348 2357 454 2418 primum
464 2355 525 2403 illud
536 2357 627 2419 placet:
646 2356 731 2404 malim
741 2359 813 2418 perit,
824 2361 853 2402 ut
863 2362 998 2417 opponetur
1009 2355 1081 2402 verbo
1091 2358 1175 2417 caruil.

181 2419 230 2468 Pro
245 2427 319 2483 ponto
335 2420 411 2468 satius
430 2427 466 2468 est
477 2420 526 2483 legi
542 2424 618 2484 ponti.
651 2418 725 2468 Ponti
737 2423 811 2482 periti
827 2427 884 2468 suut
900 2425 989 2476 nautae,
1009 2419 1052 2482 qui
1068 2420 1176 2480 agricola

181 2493 344 2547 opponuntur.
378 2485 450 2532 Hanc
467 2485 598 2534 laederem
616 2486 673 2548 quia
689 2486 820 2534 necessitas
837 2485 981 2547 postulabat,
997 2485 1023 2531 in
1035 2492 1176 2532 contextum

181 2565 295 2597 versuum
305 2548 449 2634 intulimuq:
467 2566 523 2598 cum
534 2551 668 2632 praeqertim
679 2551 771 2630 faveret
787 2551 891 2598 Aratus:
909 2546 939 2595 Al
950 2548 997 2628 μὲν
1009 2545 1076 2628 ὅμως
1087 2545 1176 2630 diique

181 2612 580 2744 ‡2{.‘'·ii.⁷·i⁵i.⁶t.⁶iiiei⁰.ii³.ii
592 2610 1176 2746 ittittitttttttz'l,itittttlztttt

181 2744 341 2811 ἐπερχομένε
353 2751 376 2794 τ’
388 2743 499 2807 ἀρότοιο.
507 2747 606 2794 -SCH.

215 2813 271 2860 269.
287 2812 324 2860 Et
339 2809 423 2876 quum]
441 2810 581 2874 A(F)Pgsb.
606 2811 638 2859 At
657 2827 728 2874 quum
749 2809 804 2856 BG.
829 2809 917 2872 hiemps
936 2810 967 2858 A.
992 2807 1076 2869 (ibid.)
1099 2815 1175 2871 ponto

173 2877 293 2940 fugiende
312 2878 360 2929 Gb.
384 2877 463 2942 (prob.
482 2875 516 2938 g.)
538 2884 612 2938 ponto
632 2883 666 2923 est
678 2874 799 2938 supientia
821 2877 847 2920 B.
866 2879 938 2936 portu
947 2872 1069 2934 supientia
1084 2874 1176 2936 AFPg.

180 2944 247 3004 prob.
260 2942 354 2992 Vossio.
370 2943 487 3004 Elpeum
496 2944 580 3003 serpit,
597 2942 671 2988 hienis
678 2939 868 3003 poetisuqienda
875 2955 901 3001 p.
913 2954 931 2986 s.
944 2938 1006 2999 conj.
1029 2937 1127 2986 Omittit
1138 2955 1176 2988 vv.

181 3007 296 3058 269-274.
308 3009 339 3056 Ε.
357 3008 481 3056 omittunt
492 3022 530 3052 vv.
543 3006 662 3056 rto-272.
674 3003 839 3052 Are-Oli.

214 3073 271 3124 270.
290 3072 355 3129 Quin
365 3077 438 3122 etiam
449 3070 478 3118 L.
491 3071 532 3118 M.
544 3072 567 3120 d.
580 3071 685 3118 Deorum
700 3068 863 3116 Plurimulum
873 3072 969 3130 occepta
979 3065 1050 3129 prolis
1060 3068 1140 3116 calon.
1152 3083 1175 3116 α.

181 3137 261 3185 labore
274 3137 399 3186 Devictom
409 3138 508 3199 ffpiem
516 3152 541 3198 p.
553 3144 676 3198 erectoque
686 3136 776 3182 deutra.
814 3131 844 3181 Τ.
855 3133 873 3180 i.
880 3149 907 3196 p.
920 3134 987 3180 tortis
995 3148 1013 3179 s.
1031 3130 1064 3179 D.
1076 3131 1176 3181 Summe

179 3218 241 3265 penu
251 3202 361 3251 mbueroo
373 3208 440 3259 tenet,
453 3217 501 3264 qua
510 3217 534 3248 se
546 3204 611 3263 Lyra
621 3198 710 3262 verrat]
733 3199 768 3246 Hi
785 3205 834 3245 tres
855 3212 938 3246 versus
958 3205 1008 3245 tam
1026 3198 1132 3260 corrupti
1149 3198 1174 3244 in

182 3268 346 3330 manuscripto
357 3268 487 3330 leguntur:
505 3266 531 3312 in
550 3272 636 3328 quarto
655 3280 699 3329 pro
713 3265 782 3311 tortis
798 3262 890 3324 vulgati
902 3261 966 3310 male
977 3259 1066 3309 Portbi
1078 3261 1175 3310 habent.

182 3332 235 3380 Nos
253 3333 402 3395 conjecimus
420 3333 465 3379 bos
476 3346 560 3378 versus
575 3331 610 3378 ita
626 3330 754 3392 legendos:
774 3327 838 3384 Quin
850 3329 922 3375 etiem
932 3327 998 3388 Lyra
1011 3329 1127 3374 Mercurio
1138 3327 1176 3375 di·

181 3398 250 3454 iecto,
269 3399 365 3446 deorum
376 3396 445 3444 Preti
456 3402 559 3458 accepta,
577 3399 617 3456 pio
635 3396 692 3442 coelo
707 3397 767 3441 nitet
776 3398 830 3439 onte
841 3392 920 3440 labore
934 3391 1057 3440 Deoietom
1068 3393 1176 3454 ‹ffpierm

179 3463 264 3522 pionte
278 3478 325 3526 quo
340 3467 416 3510 erecta
434 3464 531 3510 sinistro
553 3459 670 3519 Tempore
686 3461 744 3507 laun
759 3460 845 3518 premit
862 3453 1030 3519 tortisudjccte
1048 3456 1177 3506 &aeonu-

182 3528 221 3575 De
230 3528 295 3591 Lyra
304 3529 333 3575 ab
342 3527 462 3576 Mercurio
474 3525 653 3573 inventshabes
663 3524 727 3587 apud
736 3522 897 3586 mythologos.
921 3521 1016 3570 Eadem
1026 3520 1177 3584 Argonautis

182 3603 287 3655 accepta.
321 3593 346 3640 Si
363 3593 462 3655 quidem
475 3590 587 3652 Orpheus
599 3589 661 3637 banc
673 3590 750 3652 lyram
762 3588 862 3650 accepit,
880 3595 904 3635 et
915 3602 943 3633 ea
954 3586 1077 3634 celeusma
1088 3587 1177 3634 cecinit

181 3657 207 3704 iri
227 3658 294 3719 Argo
307 3658 369 3705 navi.
404 3658 557 3719 Argonautas
576 3663 644 3702 vocat
663 3655 763 3701 deorum
783 3653 885 3714 prolem,
905 3666 966 3713 quos
985 3651 1086 3699 deorum
1106 3659 1176 3699 natos

182 3730 251 3770 vocet
267 3722 378 3770 Valerius
391 3722 492 3771 Flaccus
503 3736 574 3768 versu
585 3721 673 3782 primo.
706 3719 772 3766 Nam
783 3721 872 3777 nautis,
884 3717 948 3779 quod
959 3716 993 3764 ibi
1004 3715 1100 3776 legitur,
1118 3731 1176 3779 sup·

181 3787 323 3849 posititium.
348 3785 396 3834 Pio
407 3789 463 3836 coelo
475 3786 542 3844 dixit,
555 3792 582 3833 nt
593 3785 657 3842 alibi,
670 3800 691 3830 r.
704 3785 760 3832 623.
789 3785 867 3844 Argus
879 3785 933 3842 ipso
943 3784 983 3840 pio
996 3781 1051 3828 caio
1061 3781 1177 3840 reseretur

181 3854 268 3914 tmaqo.
302 3852 337 3899 Et.
347 3852 453 3899 similem
465 3851 667 3913 significationem
684 3850 710 3896 in
729 3848 851 3895 Martiano
870 3845 970 3908 Capella
986 3845 1177 3894 observavimus.

182 3915 250 3965 Dicit
260 3917 322 3965 hanc
330 3917 411 3980 'lyrem
421 3924 476 3964 ante
488 3916 610 3978 Engonasi
620 3915 732 3972 locatam,
744 3920 767 3960 et
778 3912 876 3974 quidem
885 3918 940 3959 ente
947 3910 1034 3972 pedem
1042 3909 1176 3969 sinistrum,

182 3997 229 4044 quo
249 3982 288 4044 (ut
307 3990 362 4029 ente
381 3981 542 4042 ostendimus)
562 3980 681 4028 Draconis
693 3979 782 4040 premit
793 3987 909 4039 tempora.
943 3976 1034 4022 Versus
1045 3974 1176 4036 posthunc

182 4061 285 4109 sequens
298 4046 345 4094 huc
357 4063 405 4095 non
418 4047 530 4109 pertinet.
565 4045 599 4093 Et
610 4045 657 4093 vin'
670 4045 832 4106 conjecturam
846 4042 927 4092 audire
940 4039 1093 4101 elegantem?
1130 4039 1177 4087 Po-

1057 4123 1078 4164 (l
