2902 4838
568 554 602 589 an
615 554 822 592 urronanunrn.
1126 577 1129 588 .
1151 541 1207 590 xciii

213 681 263 739 Qut
278 683 364 743 patrie
374 682 471 743 sumam
485 682 598 744 preferat
615 695 690 744 neque
705 697 761 732 eun.
776 681 824 729 hoc
839 681 952 743 estquod
971 679 1029 728 alibi
1047 680 1075 729 in
1091 679 1207 745 Epitaph.

210 746 272 795 Julii
288 746 406 804 Vindicis,
427 746 556 808 Imperium
574 748 678 794 adseruit
696 763 744 794 noa
761 747 806 795 sibi
825 746 865 794 sed
882 747 977 808 patrie.
1000 746 1043 794 sed
1060 746 1128 809 prius
1147 755 1207 808 puto

212 811 734 874 admittendum—BURM.—ProserotJ
762 813 779 859 i.
797 827 818 860 e.
837 818 932 873 augeat
950 810 1071 860 Pithoeus.
1094 813 1208 874 preferat

212 876 296 938 vulgo.
305 877 419 938 preferat
429 891 500 938 nsque
511 891 559 924 saae
570 875 867 926 achrades-murus.

246 943 269 988 5.
286 939 359 1003 Ilios]
378 940 412 988 Et
423 940 499 988 Ilium
509 941 606 1001 dicitur,
623 948 651 989 nt
663 942 799 1004 Stephanus
809 942 879 989 docet
889 947 914 988 et
925 939 1053 988 Berkelius
1064 941 1090 988 in
1102 940 1166 988 notis
1178 941 1209 988 cd

213 1021 278 1054 eum.
312 1007 335 1053 A
348 1006 439 1053 Graecis
450 1006 530 1054 diruta
540 1004 593 1053 haec
604 1006 669 1063 urbs,
688 1008 718 1055 ab
728 1007 868 1055 Alexandro
886 1009 978 1068 Magno
990 1013 1015 1053 et
1030 1005 1209 1054 successoribus

214 1071 293 1120 ornari
304 1071 385 1134 coepit,
397 1078 421 1118 ct
430 1071 585 1134 postmodum
597 1087 611 1118 a
622 1071 689 1134 Sylla
696 1072 740 1119 etJ
743 1072 792 1120 ulio
801 1072 904 1120 (laesare.
914 1070 971 1119 Vid.
981 1071 1074 1129 Strabo,
1082 1070 1123 1118 lib.
1129 1069 1208 1119 XIII.

213 1152 268 1199 pag.
281 1137 338 1184 886.
350 1135 651 1199 seqq.—SCH.--Ilica
668 1151 697 1183 en
713 1139 789 1199 surgit
807 1150 904 1185 rursum
921 1135 1027 1198 inclita]
1054 1137 1118 1184 Ilion
1137 1135 1209 1184 scribi

213 1201 355 1249 nominandi
366 1217 432 1258 casu,
443 1216 510 1249 more
522 1201 617 1258 Graeco,
629 1207 653 1248 et
664 1201 762 1263 quidem
772 1202 889 1250 feminino
899 1216 987 1263 genere
999 1201 1094 1250 volebat
1102 1200 1210 1262 Scaliger

214 1266 279 1314 notis
289 1265 320 1313 ad
338 1266 470 1325 Catullum,
487 1281 542 1328 pag.
555 1265 594 1323 69,
611 1281 695 1314 verum
707 1273 835 1330 utrumque
854 1267 912 1323 dici,
931 1273 955 1314 et
973 1267 999 1313 in
1016 1266 1085 1314 libris
1102 1266 1209 1328 antiquis

233 1331 352 1379 romiscue
364 1331 476 1387 inveniri,
493 1331 585 1379 videbis
603 1347 633 1378 ex
645 1331 708 1378 notis
720 1331 817 1380 Heinsii
832 1332 863 1380 ad
874 1331 945 1378 Ovid.
959 1330 1037 1394 Epist
1052 1331 1072 1378 l.
1084 1346 1105 1378 v.
1115 1332 1156 1389 48,
1174 1331 1210 1378 sio

214 1346 348 1459 l’ergnmon
359 1402 384 1444 et
395 1399 529 1459 Perpomoc.
543 1404 571 1443 ut
582 1396 608 1444 in
620 1396 803 1459 Epigrammate
817 1397 915 1459 Sulpitii
926 1396 951 1443 in
963 1396 1092 1445 AEneidem
1103 1395 1210 1458 Virgilii,

215 1476 239 1524 p.
251 1463 306 1510 140.
323 1460 438 1510 catalect.
458 1461 547 1524 Sealig.
579 1460 671 1523 Infelix
690 1462 738 1508 alio
755 1463 838 1509 cecidit
852 1477 925 1524 prope
937 1460 1075 1523 Pergamon
1091 1464 1152 1524 ipat.
1168 1460 1211 1509 ubi

216 1525 333 1574 Francius
349 1527 376 1574 in
396 1540 440 1573 suo
457 1525 518 1574 libro
537 1527 665 1588 castigavit
685 1524 818 1588 Pergamos.
842 1527 896 1574 ride
913 1534 937 1573 et
950 1525 1058 1574 Gronov.
1078 1527 1109 1574 ad
1126 1526 1210 1574 Senec.

217 1591 302 1703 {roa}
321 1606 344 1639 v.
365 1588 687 1654 14.—BURM.-1t·0s]
713 1591 779 1639 Ilion
804 1591 912 1654 Scaliger
929 1594 1032 1639 Romam
1053 1590 1212 1654 intelligit—

218 1722 272 1833 dld.
293 1719 329 1768 Te
340 1720 422 1768 Marte
433 1719 544 1784 inferior]
567 1720 598 1768 Id
610 1727 654 1780 est,
674 1735 724 1769 non
741 1727 791 1770 tam
808 1720 931 1780 bellicosa,
949 1720 1059 1784 quamvis
1079 1719 1136 1768 belli
1157 1727 1210 1768 stu-

235 1785 402 1835 'osa-sort.

250 1850 272 1901 7.
290 1849 472 1914 Myrmidonas]
507 1851 613 1898 Gentem
641 1850 782 1908 Thessalia,
811 1851 851 1900 cni
880 1851 936 1899 Rex
962 1850 1073 1898 Achilles
1100 1858 1212 1914 praeerat.

220 1915 314 1974 Strabo,
326 1916 367 1963 lib.
380 1914 428 1964 IX.
439 1931 494 1980 pag.
507 1916 563 1964 662.
596 1916 666 1964 Adde
676 1916 787 1964 Berckel.
798 1916 828 1964 ad
839 1917 956 1979 Stephani
967 1916 1144 1980 Myrmidonas.
1160 1917 1212 1964 Dic

218 1979 323 2042 Achilli]
342 1980 439 2029 Scilicet
457 1981 521 2043 apud
537 1981 627 2029 interos
641 1981 745 2044 degenti.
763 1997 810 2029 esse
826 1981 868 2030 aab
879 1981 1009 2045 AEneudis]
1029 1983 1109 2039 idest,
1127 1996 1212 2044 parcre

219 2045 339 2093 Romania
350 2045 391 2108 qui
402 2047 492 2109 posteri
504 2046 663 2108 Trojanorum
676 2047 841 2106 credebantur,
859 2054 883 2095 et
895 2047 993 2110 quidem
1005 2048 1149 2104 Caesaribus,
1169 2046 1212 2109 qui

218 2110 324 2158 AEneem
334 2112 456 2174 propriore
468 2112 610 2173 cognatione
622 2111 740 2174 attingere
750 2112 901 2160 videbantur.
925 2113 1085 2175 Epigramma
1096 2114 1212 2160 Graecum

218 2176 250 2222 ab
259 2176 413 2237 Anthologia,
429 2176 470 2224 lib.
482 2176 503 2224 Ι.
514 2191 566 2239 cap.
577 2178 618 2234 40,
638 2177 712 2224 etiam
732 2177 857 2225 Hadriano
874 2179 965 2226 Caesari
978 2177 1211 2225 trimitan-Seli.

218 2240 382 2303 -Mapnis
392 2257 439 2288 esse
448 2240 490 2289 crab
503 2238 641 2304 AEneudis.]
668 2243 740 2290 Forte
751 2258 848 2305 magnos
862 2244 908 2290 lese
924 2243 967 2291 aab
984 2242 1115 2291 AEueadas.
1136 2242 1170 2289 ita
1185 2243 1213 2290 in

218 2305 354 2366 fragmento
373 2306 466 2368 praefat.
483 2307 594 2368 Corippi:
612 2305 734 2369 Subjectus
749 2315 819 2369 paret
837 2309 945 2366 mundos,
965 2308 1031 2355 Deus
1042 2311 1121 2354 omnia
1137 2322 1213 2368 regnu

220 2369 270 2418 Sub
287 2371 350 2417 sedes
365 2371 429 2418 dedit
447 2372 493 2419 isse
509 2386 571 2419 saus.
590 2370 624 2418 ita
641 2372 706 2419 enim
722 2372 782 2434 legit
799 2373 883 2420 Barth.
900 2373 943 2420 lib.
955 2372 1036 2420 XXV.
1053 2372 1113 2419 Adv.
1125 2372 1148 2429 6,
1165 2371 1213 2419 nisi

219 2435 290 2482 malis
302 2434 352 2482 Sat
369 2437 428 2498 leges
444 2436 509 2484 dedit
524 2440 570 2484 isse
586 2442 646 2486 tuas.
665 2444 693 2484 ut
703 2436 847 2500 adloqnatur
863 2439 997 2484 lustinum.
1032 2437 1072 2483 Sic
1088 2437 1212 2495 inssvexato

221 2500 292 2548 Statii
304 2499 365 2559 loco,
382 2501 423 2549 lib.
438 2501 459 2550 l.
473 2501 525 2565 Syl.
535 2501 556 2549 I.
568 2517 591 2549 v.
603 2503 642 2560 28,
661 2517 691 2549 ex
707 2503 874 2550 emendatione
885 2503 917 2550 D.
931 2502 1036 2561 Heinsii,
1052 2501 1088 2549 Et
1098 2503 1176 2548 minor
1185 2504 1213 2548 in

221 2565 281 2626 leges
290 2569 335 2613 iret
344 2581 416 2628 pcaer-
426 2571 449 2614 et
462 2565 521 2614 Coto
532 2573 631 2614 metros.
643 2567 741 2630 vulgata
749 2574 830 2615 tamen
842 2567 905 2629 apud
917 2567 1051 2630 Corippnm
1061 2565 1214 2628 Salapedibas

221 2630 285 2677 dedit
303 2646 350 2679 ease
371 2635 418 2679 tuis
437 2632 510 2680 etiam
528 2633 617 2680 semaei
636 2639 723 2694 potest.
743 2633 812 2680 Ovid.
833 2632 880 2694 Ep.
891 2631 953 2680 Vll.
971 2631 994 2680 6.
1029 2631 1087 2679 Haec
1110 2630 1153 2679 tibi
1170 2630 1213 2678 cub

221 2696 325 2754 domina
350 2694 436 2759 Pyrra,
449 2697 532 2759 puello
547 2713 591 2744 sno
609 2703 649 2745 eat.
673 2697 759 2760 Vellej.
777 2697 830 2744 Pat.
841 2697 883 2744 lib.
896 2697 916 2744 l.
936 2697 1023 2759 cap.'3.
1056 2695 1152 2743 Attene
1169 2694 1212 2743 aab

221 2760 312 2822 regibus
328 2777 375 2808 esee
392 2763 516 2810 desierreat.
535 2763 605 2825 plura
616 2762 670 2809 vide
687 2763 751 2824 epud
767 2765 849 2809 Sanct.
862 2763 887 2808 in
899 2761 1003 2810 Miuerv.
1022 2760 1066 2809 IV.
1080 2762 1101 2808 6.
1119 2776 1143 2823 p.
1156 2760 1212 2811 678.

222 2841 286 2887 saepe
296 2833 378 2873 autem
388 2826 425 2876 ita
441 2827 532 2874 venare
543 2827 637 2874 codices
653 2827 747 2874 notavit
759 2827 797 2874 Cl.
809 2827 931 2875 Drakenb.
944 2827 974 2874 ad
991 2826 1086 2883 Silium,
1103 2826 1144 2874 lib.
1156 2825 1214 2873 XV.

223 2892 277 2938 151.
295 2891 403 2954 Propert.
415 2893 456 2940 lib.
470 2892 514 2939 lv.
526 2891 566 2939 El.
579 2895 601 2940 4.
613 2891 652 2943 71.
687 2895 736 2940 Hic
744 2895 836 2954 primas
846 2896 915 2956 coepit
924 2892 1038 2940 menibus
1047 2907 1094 2938 esse
1105 2892 1160 2939 dies.
1172 2891 1214 2938 ubi

223 2955 289 3003 Hinc
302 2972 327 3017 p.
341 2973 360 3005 c.
371 2957 483 3005 menibus
499 2957 544 3005 isse
561 2957 610 3004 dies
626 2957 725 3020 corrigit
743 2957 827 3005 Heins.
846 2959 876 3005 ad
893 2957 963 3005 Ovid.
977 2957 1021 3005 1v.
1039 2957 1106 3004 East.
1115 2956 1147 3005 V.
1159 2955 1214 3014 727,

222 3021 286 3083 apud
303 3021 437 3081 Sedulium‚
455 3022 495 3070 lib.
508 3023 540 3069 V.
553 3037 575 3070 v.
587 3023 608 3070 2.
620 3022 675 3085 jam
689 3026 801 3086 monimo
820 3021 919 3070 Pascite
933 3023 1030 3084 Ceperat
1044 3023 1090 3070 isse
1106 3021 1161 3069 dies.
1180 3021 1214 3070 sic

221 3085 284 3147 lege,
295 3086 369 3148 vulgo
380 3103 436 3135 esce.
460 3088 509 3134 vid.
522 3095 546 3134 et
557 3086 641 3135 Heins.
653 3087 684 3135 ad
695 3088 765 3135 Ovid.
779 3088 852 3136 Rem.
864 3091 922 3136 Am.
933 3087 962 3135 V.
974 3090 1030 3145 541,
1047 3089 1082 3134 ire
1092 3083 1134 3134 sub
1143 3088 1215 3148 impe·

222 3153 285 3198 riam
304 3151 365 3198 dixit
381 3151 472 3200 Tibull.
490 3153 532 3200 lib.
554 3151 590 3200 II.
615 3152 654 3200 El.
667 3155 690 3200 4.
708 3155 748 3201 54.
765 3159 790 3200 et
809 3152 852 3200 sab
868 3156 993 3216 imperium
1009 3156 1121 3215 coepere,
1138 3151 1214 3200 Tacit.

222 3215 268 3263 lib.
280 3217 301 3264 1.
313 3217 380 3264 Ann.
390 3232 441 3279 cap.
456 3219 476 3264 l.
488 3217 529 3265 ubi
540 3216 629 3265 frustra
640 3217 760 3266 Dorleans
771 3217 813 3266 stab
824 3221 918 3279 imperii
930 3221 985 3265 vim.
1019 3219 1134 3266 Ceterum
1144 3217 1215 3264 initio

223 3281 297 3344 hujus
310 3281 499 3344 Epigrammatis
511 3282 588 3344 eriges
599 3283 664 3330 haud
674 3299 760 3345 parum
770 3285 924 3340 sententiam,
937 3283 958 3329 si
973 3290 1082 3330 mutetur
1093 3281 1215 3329 distinctio

223 3347 290 3394 hunc
301 3347 327 3393 in
344 3348 458 3395 modurn:
477 3347 574 3394 Martio
587 3351 719 3410 progenies,
736 3349 833 3406 Hectit,
849 3350 944 3412 (tellure
954 3347 996 3396 cub
1008 3351 1056 3395 ime
1073 3345 1121 3397 Fas
1132 3346 1215 3394 audire

224 3417 303 3460 tumen
318 3416 339 3459 ci
356 3428 407 3459 naen
418 3409 487 3460 verba
504 3412 547 3460 tibi
557 3412 578 3471 l)
593 3413 627 3460 ita
644 3413 710 3461 enim
729 3414 814 3463 suadet
831 3414 947 3461 Graecum
965 3413 1131 3476 Epigramma,
1148 3410 1215 3458 κατὰ

224 3476 322 3538 χθονὸς
333 3476 355 3524 εἰ
366 3493 403 3525 are
416 3475 525 3534 ἀκούεις,
547 3477 700 3525 simillimum
710 3479 770 3526 illud
782 3478 845 3526 Attii
857 3492 888 3526 ex
900 3479 1019 3542 Epigonis
1028 3475 1140 3539 AEschyli
1151 3476 1215 3537 apud

225 3542 276 3590 cic.
299 3543 338 3591 lI.
356 3543 430 3592 Tnso.
449 3557 502 3606 cap.
522 3545 562 3592 24.
594 3543 696 3591 Audiens
708 3545 764 3602 ltoec,
785 3545 942 3606 Amphiarai,
960 3543 1002 3591 cub
1014 3549 1100 3591 ter-rum
1119 3540 1213 3589 abdite?

223 3606 293 3669 Virg.
305 3608 350 3672 IV.
363 3608 420 3656 AEn.
431 3607 487 3659 ³87.
521 3607 632 3669 Andium,
651 3615 673 3656 et
684 3608 730 3656 lec
749 3624 829 3656 manes
845 3611 921 3657 veniet
938 3608 997 3656 milti
1006 3610 1078 3671 fama
1088 3605 1129 3654 eud
1148 3610 1215 3654 imos.

225 3673 308 3721 tellure
319 3673 360 3721 sub
372 3675 430 3721 inan.
443 3683 470 3721 ut
480 3672 521 3720 lib.
534 3673 581 3720 VI.
592 3673 652 3721 AEu.
663 3675 719 3721 459.
732 3677 753 3722 si
764 3673 879 3736 quafides
889 3674 972 3722 tellure
980 3673 1021 3721 sal
1032 3675 1080 3720 ima
1091 3677 1133 3719 est.
1145 3678 1170 3719 et
1180 3671 1216 3718 sic

225 3736 259 3784 D.
273 3738 390 3786 Heinsius
401 3739 427 3786 in
437 3737 547 3786 versione
560 3739 649 3786 Latina
659 3739 740 3787 Graeei
757 3739 958 3802 Epigrammatis,
976 3754 1031 3801 pag.
1045 3737 1099 3785 136.
1132 3735 1216 3784 Poe'm.

225 3817 255 3850 ex
267 3804 346 3851 Graec.
357 3819 418 3851 vers.
432 3803 474 3851 ubi
484 3811 563 3852 toturn
573 3804 607 3851 ita
617 3804 734 3852 reddidit:
752 3803 854 3866 Sanguis
870 3804 979 3852 Martius
992 3807 1086 3858 Hector,
1103 3799 1179 3848 addam
1195 3804 1217 3849 si

224 3873 329 3915 mortuus
339 3869 415 3927 nudo,
434 3866 525 3927 Gaude,
542 3875 572 3926 et,
589 3870 626 3916 vel
633 3872 718 3931 patrie
727 3873 829 3928 nomine,
845 3871 897 3916 vive
904 3885 999 3932 parom.
1031 3867 1092 3914 Ilios
1102 3867 1217 3914 incolitur

223 3931 280 3979 urbs
296 3935 401 3996 inclyto:
424 3941 540 3997 noctoque
555 3939 648 3996 gentem
666 3940 708 3992 est,
727 3937 752 3982 st
774 3934 816 3982 tib-i
834 3949 882 3981 aon
898 3934 1006 3991 similetis,
1027 3932 1119 3979 Marcis
1137 3945 1216 3978 umore

219 4012 312 4059 parem.
349 3998 683 4062 V'ltessoltaatnusquumest.
718 3997 775 4046 Pete
785 3997 900 4047 Achillem
909 4000 1027 4061 protinas,
1044 4005 1066 4044 et
1076 3997 1122 4052 dio,
1146 3993 1216 4043 Tltes-

222 4063 308 4111 saliam
319 4070 427 4112 euactam
436 4069 500 4111 suere
509 4063 552 4112 cub
563 4063 688 4112 AEttendis.
722 4064 837 4112 Ceterum
848 4063 923 4112 edidit
932 4064 978 4111 hoc
990 4063 1064 4111 etiam
1076 4060 1178 4109 Biuetus
1190 4060 1216 4108 in
