2868 4848
590 655 746 701 scrmms.
1123 635 1166 701 63

171 800 290 865 imbres
306 797 438 877 fuerint,
454 819 519 862 non
534 797 677 862 defuturi
691 806 767 861 sunt
780 818 838 882 per
853 794 1040 864 Arcturum.
1084 796 1167 884 Ejus

172 886 255 970 signi
265 896 372 950 ortum
382 895 487 951 servat
496 883 707 948 hirundinum
716 883 857 949 habitus.
893 883 1044 969 Namque
1056 883 1168 970 depre-

171 973 282 1036 hensae
291 972 468 1036 intereunt.
493 969 595 1035 XVI.
606 969 665 1034 cal.
679 969 794 1034 Octob.
807 969 952 1054 AEgypto
964 969 1060 1054 Spica
1070 993 1168 1056 quam

173 1068 266 1123 tenet
280 1057 394 1141 Virgo,
411 1058 513 1121 oritur
524 1055 826 1134 matutino,Etesiae
852 1056 1063 1122 uedesinnut.
1098 1056 1166 1123 XI.

173 1144 231 1210 331.
246 1143 404 1208 Octobres
411 1143 617 1208 commissura
624 1077 912 1220 Pisciumoccidit,i
936 1164 1072 1228 sumque
1079 1142 1167 1229 Equi

174 1231 262 1294 sidus
270 1228 374 1295 VIII.
390 1230 447 1295 331.
465 1228 581 1294 Octob.
613 1227 683 1292 III.
699 1228 748 1293 cal
764 1228 879 1292 Octob.
927 1229 992 1294 oedi
1008 1230 1167 1295 oriuntur.

176 1316 246 1381 cal.
264 1315 458 1380 Octobribus
475 1315 606 1400 Capella
621 1315 781 1379 matutino
792 1315 946 1379 exoritur.
991 1311 1053 1380 VI.
1069 1339 1169 1380 nonas

176 1402 292 1468 Octob.
309 1402 430 1466 Atticae
446 1401 576 1468 Corona
584 1401 729 1465 exoritur
738 1423 842 1467 mane.
885 1401 929 1468 V.
939 1423 1039 1466 nouas
1052 1402 1168 1467 Octob.

176 1488 366 1553 Heniochus
386 1488 500 1552 occidit
515 1487 684 1553 matutino.
729 1485 791 1552 IV.
812 1509 888 1552 non.
910 1487 1027 1553 Octob.
1048 1487 1170 1554 Caesari

176 1573 306 1641 Corona
329 1574 449 1638 exoriri
462 1573 587 1658 incipit,
612 1583 646 1636 et
667 1573 769 1657 pridie
794 1596 871 1638 non.
894 1574 1042 1639 occidunt
1067 1574 1170 1639 Hoedi

175 1660 309 1747 vesperi.
353 1657 456 1725 VIII.
480 1659 553 1723 idus
577 1659 693 1724 Octob.
714 1658 837 1724 Caesari
851 1659 977 1744 fulgens
991 1661 1026 1724 iu
1041 1660 1171 1728 Corona

176 1747 270 1811 stella
284 1746 430 1810 exoritur
444 1756 478 1810 et
492 1745 588 1810 tertio
608 1745 680 1809 idus
693 1744 849 1830 Vergiliae
872 1746 994 1830 vesperi
1018 1747 1170 1812 exoriun-

176 1845 241 1897 tur.
286 1830 427 1898 XVIII.
443 1832 499 1896 cal
516 1830 691 1895 Novembr.
706 1831 844 1896 succulae
863 1831 989 1917 vesperi
1012 1834 1169 1898 oriuntur.

178 1919 288 1983 Pridie
312 1918 370 1983 cal.
392 1918 565 1983 Novembr.
592 1917 710 1982 Caesari
728 1918 886 1983 Arcturus
902 1918 1026 1997 occidit,
1043 1930 1076 1983 et
1092 1920 1171 1984 Suc-

177 2005 260 2070 culae
276 2005 466 2069 exoriuntur
480 2026 553 2068 cum
568 2004 653 2082 Sole,
675 2016 791 2090 quarto
804 2025 904 2069 nonas
920 2004 1077 2071 Novemb.
1093 2005 1173 2071 Arc·

178 2103 272 2156 turus
287 2091 401 2156 occidit
417 2090 549 2175 uesperi,
568 2090 607 2154 ¹et
621 2090 693 2154 idus
717 2090 890 2156 Novembr.
912 2089 1032 2156 Atricae
1057 2091 1172 2177 Vergi-

177 2178 231 2242 liae
246 2200 360 2242 occasu
373 2200 432 2241 suo
443 2176 582 2241 hiemem
597 2176 759 2241 inchoant.
805 2175 931 2242 Quinto
946 2178 1017 2242 idus
1042 2178 1172 2244 Orionis

178 2263 303 2348 gladius
325 2263 466 2328 occidere
491 2262 614 2348 incipit.
675 2262 802 2327 Deinde
826 2261 895 2327 ΙΙΙ.
919 2264 991 2328 idus
1017 2264 1172 2349 Vergiliae

179 2350 339 2427 occidunt,
365 2371 512 2414 occasum
536 2349 732 2414 matutinum
755 2348 972 2433 Vergiliarum
1000 2349 1172 2416 Hestodes.

179 2448 296 2586 natpra
326 2435 433 2587 spujus
459 2457 588 2522 quoque
619 2435 757 2500 nominis
784 2433 938 2500 Hestodis
970 2437 1173 2522 astrologiam

181 2533 231 2587 tra
253 2523 313 2587 idit
350 2523 408 2586 eri.

225 2609 266 2673 In
282 2607 474 2694 aequinoctio
489 2607 637 2672 autumni
651 2607 823 2673 confitetur
855 2608 918 2672 uod
927 2608 1044 2673 Thales
1053 2607 1173 2674 XXV.

180 2695 232 2759 die
247 2696 288 2759 ab
312 2695 516 2781 aequinoctio.
541 2694 796 2772 Anaximander,
860 2693 964 2760 XXI.
992 2695 1175 2761 Euctemon

179 2779 351 2846 XLVIII.
367 2802 424 2844 nos
439 2792 559 2859 autem,
575 2790 747 2867 sequentes
762 2781 1014 2846 observationem
1026 2778 1175 2859 Caesaris,

181 2864 297 2933 XLV..
308 2867 360 2931 die
376 2867 624 2952 abaequinoctio
640 2867 774 2932 dicimus
788 2867 868 2932 fieri.

224 2952 315 3018 Ante
330 2953 438 3017 omnia
452 2964 561 3017 autem
577 2954 640 3017 duo
656 2976 723 3018 esse
744 2954 874 3018 nomina
893 2953 1028 3018 caelestis
1047 2952 1176 3039 injuriae

179 3039 362 3104 meminisse
371 3039 535 3104 debemus.
570 3039 682 3104 Unum
692 3040 779 3125 quod
789 3037 1008 3124 Tempestates
1017 3063 1176 3118 vocamus,

180 3127 215 3190 in
231 3126 349 3212 quibus
363 3125 544 3210 grandines,
559 3125 719 3211 procellae,
742 3136 921 3212 caeteraque
947 3126 1062 3191 similia
1082 3126 1177 3190 intel-

180 3211 337 3296 liguntur,
354 3233 427 3298 quae
442 3234 515 3276 cum
528 3211 707 3297 plenilunio
727 3212 911 3290 acciderint,
929 3212 960 3277 vi
978 3213 1099 3298 majore
1118 3212 1177 3276 im-

180 3299 358 3383 pelluntur.
406 3297 487 3362 Haec
502 3298 542 3362 ab
551 3298 687 3362 horridis
699 3298 856 3362 sideribus
868 3309 992 3362 exeunt
1001 3301 1049 3380 (ut
1059 3299 1177 3383 saepius

183 3384 335 3468 diximus)
365 3384 465 3449 veluti
489 3383 641 3462 Arcturo,
669 3383 801 3463 Orione,
826 3383 956 3449 Hoedis.
1001 3382 1076 3449 Alia
1102 3397 1179 3448 suut

181 3470 247 3548 illa,
276 3492 349 3556 quae
375 3471 491 3535 silente
517 3470 606 3548 caelo,
636 3470 757 3534 serenis
786 3470 935 3535 noctibus
963 3470 1059 3548 fiunt,
1088 3471 1178 3536 nullo

182 3557 352 3634 sentiente,
368 3557 430 3621 nisi
446 3579 519 3620 cum
534 3557 619 3622 facta
633 3567 710 3621 sunt
722 3556 870 3641 publica:
895 3567 929 3620 et
952 3578 1078 3640 magnae
1102 3568 1179 3622 sunt

181 3643 372 3707 differentiae
388 3667 407 3707 a
421 3643 591 3728 prioribus,
617 3643 687 3706 aliis
701 3643 895 3727 rubiginem,
915 3643 983 3706 aliis
999 3643 1178 3721 uredinem,

179 3729 252 3794 aliis
263 3729 430 3813 caliginem
445 3729 704 3814 impellentibus:
723 3729 870 3793 omnibus
879 3752 952 3794 vero
964 3729 1175 3795 sterilitatem.

180 3815 235 3879 De
250 3815 301 3879 his
315 3836 401 3880 nunc
416 3815 567 3894 dicemus,
595 3837 668 3901 quae
683 3827 759 3881 aute
783 3838 841 3879 nos
856 3838 875 3879 a
888 3814 978 3879 nullo
1002 3826 1079 3880 sunt
1104 3837 1179 3899 pro-

179 3902 260 3966 dita.
301 3900 402 3966 vPrius
417 3924 527 3966 causas
541 3902 711 3966 reddemus
730 3923 851 3980 eorum,
876 3922 950 3987 quae
970 3911 1048 3966 suut
1061 3911 1180 3986 praeter

178 3988 339 4065 lunarem,
356 3998 390 4052 et
410 4009 483 4072 quae
506 3988 617 4072 paucis
641 3988 710 4053 caeli
729 3987 807 4052 locis
825 3997 983 4052 constant.
1029 3987 1179 4070 Namque

111 4131 116 4146 ,
180 4073 338 4158 Vergiliae
360 4075 535 4159 primatum
554 4084 670 4139 tenent
689 4074 730 4139 ad
743 4073 877 4152 fructus,
902 4094 1037 4174 quarum
1063 4083 1181 4137 exortu

179 4170 276 4226 aestas
291 4160 416 4246 incipit,
432 4183 544 4226 occasu
558 4159 660 4228 hiems
675 4161 820 4228 semestri
840 4182 947 4246 spacio
970 4158 1055 4224 intra
1077 4181 1121 4237 se,
1147 4167 1181 4222 et
