2868 4848
642 588 797 636 sericam.
1175 568 1218 633 65

220 755 296 817 quae
311 741 387 798 ante
402 732 459 796 hos
475 731 543 796 dics
559 739 645 809 sunt,
663 730 731 795 IX.
743 730 801 796 cal.
812 727 911 794 Mart.
923 727 1128 814 degustandis
1137 729 1218 794 vinis

158 853 161 858 ⁴
221 820 384 896 instituta,
399 817 481 882 nihil
491 817 531 882 ed
541 817 664 882 fructus
673 817 823 893 attinent,
844 838 903 880 nec
920 838 994 900 quae
1012 814 1116 879 adhuc
1135 814 1219 882 dixi-

221 928 304 982 mus,
322 905 362 968 ad
377 905 456 968 vites
472 903 634 987 oleasque,
659 903 810 990 quoniam
835 924 945 966 earum
965 912 1137 985 conceptus
1161 924 1219 965 ex-

222 1003 298 1055 ortu
309 990 526 1072 Vergiliarum
539 989 663 1074 incipit,
680 990 720 1052 ad
731 1000 860 1052 sextum
874 987 951 1052 Idus
961 987 1053 1066 Maii,
1063 999 1101 1052 ut
1110 987 1219 1051 docui-

222 1101 305 1142 mus.
351 1076 452 1140 Aliud
466 1075 526 1140 hoc
542 1075 750 1160 quatriduum
766 1084 827 1152 est,
845 1074 930 1158 quod
944 1095 1049 1160 neque
1066 1096 1137 1138 rore
1152 1096 1219 1138 sor-

223 1164 298 1227 dere
313 1163 431 1240 velint3
455 1161 630 1226 exhorrent
646 1161 731 1225 enim
751 1160 903 1244 frigidum
918 1161 1004 1224 sidus
1019 1159 1148 1224 Arcturi
1163 1182 1220 1245 po·

223 1249 335 1314 stridie
365 1249 522 1325 occidens,
553 1259 587 1312 et
608 1247 817 1312 multominus
831 1245 1047 1331 plenilunium
1069 1245 1219 1313 incidere.

225 1334 351 1401 Quarto
362 1357 463 1399 nonas
475 1334 497 1398 J
498 1333 589 1398 unias
601 1333 718 1398 iterum
732 1333 853 1418 Aquila
867 1333 1012 1398 exoritur
1022 1333 1156 1417 vesperi,
1167 1332 1222 1396 de-

224 1422 359 1486 cretorio
384 1421 435 1484 die
462 1420 649 1484 florentibus
665 1419 742 1483 oleis
756 1419 950 1503 vitibusque,
966 1419 993 1483 si
1008 1417 1222 1503 plenilunium

224 1507 343 1570 incidat
355 1507 390 1570 in
406 1529 490 1585 eum,
506 1506 655 1590 equidem
670 1516 704 1569 et
718 1504 892 1569 solstitium
907 1515 1016 1570 octavo
1032 1504 1091 1570 cal.
1108 1503 1129 1567 J
1131 1505 1222 1568 unias

223 1593 259 1656 in
274 1593 369 1656 simili
383 1615 458 1656 casu
472 1593 610 1656 dixerim
627 1602 660 1656 et
672 1589 770 1656 Canis
780 1603 886 1654 ortum
897 1601 972 1676 post
980 1591 1046 1655 dies
1056 1614 1074 1655 a
1085 1590 1221 1656 solstitio

225 1677 372 1744 XXIII.
390 1676 1222 1762 sedinterlunioaccidente‚quoniamvaporcconstat
1312 1723 1320 1738 .

224 1766 330 1850 culpa,
348 1765 495 1849 acinique
504 1774 758 1850 praecoquuntur
767 1764 802 1826 in
811 1763 938 1827 callum.
983 1762 1110 1827 Rursus
1120 1761 1223 1847 pleni-

223 1852 350 1916 lunium
376 1861 470 1916 nocet
485 1850 526 1914 ad
540 1861 691 1936 quartum
716 1872 815 1913 nonas
838 1848 950 1926 Julias,
975 1871 1049 1913 cum
1074 1849 1221 1933 AEgypto

226 1935 382 2004 Canicula
397 1937 551 2015 exoritur,
567 1936 718 2001 velcerte
733 1934 832 2000 XVI.
849 1935 907 2000 cal.
929 1935 1012 2019 Aug.
1028 1957 1102 1999 cum
1115 1934 1220 1999 Italiae

224 2024 303 2088 item
311 2034 426 2108 quarto
436 2022 492 2089 cal.
504 2023 591 2106 Aug.
604 2044 677 2086 cum
689 2021 811 2106 Aquila
822 2021 936 2086 occidit
945 2043 1049 2107 usque
1062 2021 1096 2085 in
1108 2020 1155 2086 X.
1162 2021 1219 2088 cal.

226 2111 380 2195 ejusdem.
425 2109 532 2173 Extra
540 2106 1221 2192 hascausassuntVinaliaalteraquaeagun-

224 2208 279 2260 tur
294 2195 401 2261 XIII.
418 2195 474 2260 cal.
492 2195 658 2280 Septemb.
672 2206 705 2258 et
720 2193 835 2270 Varro,
853 2217 871 2257 a
886 2192 1031 2258 Fidicula
1044 2193 1219 2278 incipiente

224 2283 366 2347 occidere
382 2303 475 2346 mane
492 2280 701 2345 determinat:
726 2280 812 2365 quod
831 2279 901 2343 vult
920 2279 1049 2344 initium
1070 2281 1220 2344 autumni

224 2391 293 2433 esse
310 2378 344 2433 et
353 2368 439 2432 hunc
448 2366 532 2430 diem
541 2367 657 2430 festum
668 2365 912 2451 tempestatibus
923 2365 1079 2430 leniendis
1091 2389 1159 2430 esse
1170 2366 1220 2430 in·

223 2456 385 2520 stitutum.
430 2453 527 2518 Nunc
538 2452 714 2517 Fidiculam
724 2452 864 2516 occidere
873 2463 967 2516 sexto
977 2451 1056 2516 Idus
1067 2453 1155 2536 Aug.
1165 2452 1220 2515 ob·

224 2551 378 2606 servatur.
422 2539 516 2604 Intra
535 2539 604 2603 haec
619 2547 744 2603 constat
759 2538 893 2610 caelestis
918 2538 1088 2616 sterilitas3
1112 2560 1218 2622 neque

223 2627 405 2712 negaverim
419 2648 511 2711 posse
521 2649 595 2690 ‘eam
610 2625 786 2710 permutari
801 2624 933 2689 arbitrio
947 2623 1124 2708 legentium
1134 2623 1219 2688 loco·

222 2737 296 2778 rum
312 2713 541 2778 aestimantium
556 2722 696 2788 naturas,
713 2710 769 2774 sed
783 2733 802 2774 a
816 2710 908 2775 nobis
918 2711 1074 2774 rationem
1087 2733 1155 2774 esse
1164 2710 1219 2775 de·

222 2809 434 2865 monstratam
461 2798 537 2862 satis
566 2808 635 2874 est3
662 2797 786 2882 reliqna
815 2796 1034 2861 observatione
1063 2800 1153 2881 cujus
1179 2820 1219 2861 ne

223 2886 427 2951 constabunt.
451 2884 654 2948 Alterutrum
663 2818 1219 2969 quidemforeincausa,hocestplc-

223 2973 395 3048 nilunium,
411 2981 467 3034 aut
481 2969 704 3046 interlunium,
720 2991 785 3033 non
797 2969 858 3033 erit
873 2969 1018 3046 dubium,
1044 2979 1078 3033 et
1099 2968 1135 3032 in
1158 2971 1219 3034 hoc

223 3057 409 3123 mirabilemv
418 3056 565 3120 admirari
581 3055 810 3139 benignitatem
828 3053 963 3120 Naturae
979 3054 1216 3134 succurritiam3

222 3145 362 3230 primum
371 3143 453 3207 hanc
467 3142 615 3227 injuriam
632 3142 780 3205 omnibus
791 3142 883 3206 annis
892 3141 1031 3206 accidere
1041 3164 1105 3205 non
1114 3164 1218 3226 posse,

222 3242 366 3316 propterv
379 3239 477 3294 statos
501 3229 640 3292 siderum
661 3249 782 3308 cursus,
796 3250 855 3291 nec
870 3227 933 3291 nisi
946 3227 1056 3310 paucis
1070 3228 1218 3292 noctibus

222 3318 317 3382 anni:
340 3315 438 3401 idque
462 3315 590 3401 quando
613 3314 655 3378 sit
668 3313 815 3378 futurum
834 3313 925 3378 facile
940 3313 1038 3391 nosci,
1054 3336 1090 3378 ac
1105 3335 1146 3377 ne
1161 3336 1220 3398 per
1276 3339 1278 3343 ·

223 3426 333 3468 omnes
357 3424 482 3466 menses
508 3401 687 3480 timeretur,
712 3422 821 3464 earum
845 3420 973 3484 quoque
987 3399 1058 3483 lege
1082 3398 1219 3464 divisum

223 3499 337 3554 aestate
351 3487 537 3564 interlunia,
552 3497 670 3571 praeter
685 3508 781 3573 quam
796 3486 895 3551 biduo
911 3508 1022 3550 secura
1033 3508 1101 3550 csse
1112 3486 1218 3550 hicme

222 3573 408 3660 plenilunii,
418 3595 477 3636 nec
486 3573 547 3638 nisi
556 3573 673 3638 aestivis
683 3572 939 3656 brevissimisque
949 3571 1095 3635 noctibus
1103 3572 1217 3650 metui,

221 3684 286 3725 non
303 3661 417 3724 diebus
431 3659 509 3723 item
524 3658 637 3723 valere.
684 3657 848 3723 Praeterea
867 3668 933 3722 tam
956 3657 1047 3722 facile
1067 3658 1215 3742 intelligi,

222 3758 260 3812 ut
274 3745 405 3810 formica
427 3745 594 3808 minimum
609 3745 726 3809 animal
740 3744 915 3808 interlunio
940 3744 1092 3828 quiescat,
1116 3744 1219 3829 pleni·

221 3832 309 3896 lunio
326 3842 359 3897 et
375 3832 471 3895 etiam
486 3831 634 3895 noctibus
646 3842 808 3915 operetur.
854 3831 957 3894 Avem
969 3829 1084 3894 Parnm
1094 3830 1218 3894 oriente

223 3919 307 3988 Sirio
330 3919 400 4004 ipso
424 3917 475 3981 die
499 3939 564 3980 non
589 3939 751 4002 apparere,
777 3918 877 3981 donec
900 3916 1033 3995 occidat,
1055 3939 1072 3979 e
1095 3915 1218 3980 diverso

221 4004 390 4070 Virionem
404 4002 532 4088 prodire
547 4003 616 4088 ipso
633 4002 769 4068 Solstitii
784 4002 845 4066 die.
892 4001 1055 4066 Neutrum
1064 4023 1138 4065 vcro
1151 4001 1218 4065 Lu·

221 4113 273 4155 nae
288 4101 408 4156 statum
423 4089 558 4154 noxium
571 4111 650 4167 esse,
660 4112 701 4153 ne
711 4088 858 4155 noctibus
871 4088 1002 4173 quidem
1012 4087 1216 4212 nisixserenis,
