2902 4838
261 609 303 654 sir
718 619 795 656 uere

257 745 401 796 habuimusr
417 746 526 808 prmus
543 757 638 792 mersere
657 747 735 806 ripum
755 745 861 806 positum
878 760 920 807 pro
934 747 1043 808 pensavit
1063 751 1254 796 momerium.

259 811 293 860 Ut
305 811 337 860 ibi
348 814 426 874 ripum
437 823 480 872 pro
491 811 565 857 ottuur
576 809 693 872 potitum,
705 819 738 857 rts
750 810 788 857 hio
800 813 853 872 ripo
873 825 916 872 pro
936 814 1005 867 vitto,
1027 811 1091 860 inter
1108 827 1162 874 quae
1181 813 1255 860 iiterae

257 885 352 924 tontum
375 875 483 938 repetitu
505 881 542 922 est
562 873 706 922 differentis.
732 875 1097 939 Gs.-SCH.—'I'riettque]
1122 879 1254 940 g.eonj.b.

257 943 377 1004 tristisque
396 939 615 1052 AFantristesque
637 939 715 988 BEG.
733 955 751 987 s.
774 939 859 1002 (ibid.)
881 938 952 1002 vitto]
976 941 1005 988 de
1022 956 1045 1003 g.
1063 943 1126 1004 oonj.
1148 943 1184 990 sb.
1204 945 1255 1006 ripo

292 1073 346 1120 124.
369 1021 512 1132 NPitiusque
534 1065 621 1131 iorem]
648 1067 715 1116 Molo
737 1068 777 1116 hio
798 1069 867 1117 deest
885 1069 972 1132 copula
994 1069 1107 1119 enclities
1123 1072 1148 1119 iu
1171 1075 1255 1120 Manu·

257 1136 353 1200 scripto,
365 1143 392 1184 ut
404 1145 427 1182 et
438 1149 508 1182 versu
521 1134 637 1196 sequenti.
672 1133 755 1181 Habet
766 1134 831 1182 euim
844 1135 934 1182 nuilius
946 1135 1028 1190 iurem,
1041 1143 1064 1183 et
1076 1143 1147 1184 cetus
1157 1141 1255 1185 notovit.

258 1203 343 1250 fluor.
378 1200 411 1248 Et
422 1199 478 1262 quis
489 1199 597 1246 lotiuitss
608 1198 653 1246 hoe
663 1197 688 1246 iu
700 1197 753 1246 ioco
769 1199 913 1261 particulam
926 1215 970 1262 que
981 1199 1114 1248 solitarium
1133 1217 1183 1249 uon
1203 1202 1254 1258 fert,

259 1265 402 1314 necessitste
413 1264 531 1312 adductus
542 1269 565 1310 et
575 1263 724 1325 interposui:
746 1277 801 1311 eum
819 1265 953 1326 presertim
974 1265 1064 1313 sutoris
1083 1281 1136 1313 eum
1156 1281 1254 1314 consue-

258 1331 316 1378 tudo
337 1329 478 1394 postuisret.
512 1327 573 1376 Vide
591 1343 614 1377 r.
629 1329 682 1376 149.
717 1327 787 1376 Adde
808 1343 891 1377 meum
912 1329 1078 1378 Turseliinum
1096 1330 1122 1378 iu
1140 1331 1256 1392 porticula

258 1411 309 1460 que.
352 1395 436 1443 Potest
457 1394 530 1442 etism
542 1393 590 1456 tegi
611 1393 1058 1457 nutusque-sctu--Nuuusque
1075 1395 1254 1458 loreoquulios]

259 1463 282 1509 A
302 1459 352 1520 (F.)
363 1459 391 1507 P.
403 1459 443 1522 gb.
461 1461 546 1520 (mrem
557 1459 595 1518 F.)
607 1458 748 1522 NuItirrsque
765 1458 839 1506 iurem
856 1466 878 1507 et
898 1461 976 1507 ueritus
995 1459 1041 1516 rel,
1063 1460 1127 1522 quod
1145 1469 1254 1524 praestat:

259 1520 381 1588 nurusque
398 1540 417 1573 s.
437 1523 535 1572 Nullius
552 1524 626 1570 torem
644 1524 730 1578 uultus,
751 1522 844 1584 (nutius
862 1539 980 1587 superser.
1000 1540 1015 1570 o
1035 1524 1075 1585 E.)
1094 1525 1151 1574 EG.
1168 1526 1256 1574 Nullus

260 1589 318 1652 (sie)
332 1589 474 1638 truciorem
484 1589 562 1636 uetitos
574 1589 601 1635 B.
617 1587 685 1634 addit
697 1587 814 1636 1³.-0R.

292 1657 345 1702 125.
365 1651 600 1716 Coetusqueuotouit]
619 1653 665 1714 (F)
678 1653 734 1714 Pgs.
752 1659 822 1701 cuttu
838 1657 929 1702 notovit
941 1654 971 1702 G.
989 1656 1126 1717 notauitque
1144 1661 1215 1703 cutus
1226 1658 1253 1704 A.

257 1727 372 1784 cetusque
380 1719 472 1766 uotobit
484 1718 513 1766 E.
525 1724 639 1780 eretusque
650 1715 748 1765 notabat
760 1717 789 1766 B.
805 1724 921 1782 eretusque
930 1722 1023 1767 uoeovit
1033 1719 1142 1766 bstou.

293 1785 346 1832 126.
363 1784 490 1846 Increpet:
511 1780 585 1845 Op]
604 1781 726 1843 ABEgsb.
744 1781 862 1846 increpito
875 1799 902 1846 p.
923 1785 973 1832 FP.
991 1784 1098 1848 (portum
1115 1784 1154 1844 P.)
1175 1783 1257 1846 (Ibid.)

257 1848 360 1912 suboles]
375 1853 430 1911 Ags.
441 1847 529 1896 soboles
540 1847 723 1896 BFPb.·-OR.

294 1915 346 1964 127.
365 1914 496 1976 Deqeueres
513 1910 615 1974 semper]
642 1912 707 1959 Male
725 1911 833 1974 Vulgati‚
856 1911 987 1974 Deqeueres
1003 1929 1054 1978 que
1071 1913 1156 1961 hebuit
1167 1930 1186 1961 s.
1197 1931 1221 1977 q.
1233 1913 1255 1962 1.

258 1995 290 2027 m.
324 1979 391 2026 Facit
402 1979 450 2026 huo
461 1985 550 2041 preter
560 1977 672 2034 Aratum,
690 1977 752 2025 illud
766 1977 928 2025 Horatianum
939 1977 995 2026 libr.
1006 1978 1057 2026 III.
1072 1979 1153 2026 Csrm.
1165 1979 1202 2026 od.
1211 1979 1255 2026 Vi.

259 2059 280 2091 r.
294 2045 334 2091 46.
352 2043 425 2092 AEtus
443 2047 568 2106 pareutum
584 2042 649 2102 pejor
664 2043 716 2090 ouis
727 2043 782 2090 tulit
794 2041 845 2089 Nus
860 2045 990 2105 nequiores,
1008 2059 1064 2092 owe
1081 2043 1178 2091 doturus
1195 2043 1256 2092 Pro-

257 2112 348 2170 pentem
368 2107 620 2156 restruerem-scit.
633 2107 835 2168 —Deqerreres
861 2123 950 2169 semper
977 2123 1110 2171 semperque
1131 2107 1255 2171 habituro]

260 2173 386 2234 BEGgsb.
406 2173 535 2234 Depeueres
545 2185 677 2234 semperque
687 2171 740 2220 rao.
754 2175 781 2219 A.
800 2171 931 2234 Depeneres
950 2171 1034 2221 tatuit
1051 2188 1187 2236 semperque
1203 2173 1256 2222 hub.

258 2237 309 2350 lI’F.
328 2237 414 2349 (iqu.)
425 2235 536 2350 111ηὸνῆ1]
557 2236 695 2286 ABEFPb.
710 2243 804 2300 nepotes
815 2252 851 2300 gs.
885 2236 989 2286 Videtur
1006 2239 1069 2301 oouj.
1086 2239 1167 2302 potius
1184 2254 1257 2302 quam

269 2302 362 2351 eotioC
382 2304 463 2350 .G.·-
515 2337 521 2349 .

294 2369 349 2417 lts.
367 2367 431 2424 Quid
441 2365 490 2428 me]
509 2366 548 2414 Its
559 2365 614 2415 MS.
626 2365 735 2428 vulgati,
751 2365 817 2422 Qutt
831 2381 868 2414 rur
883 2381 946 2414 nuuc
963 2365 1030 2415 obitu
1046 2382 1129 2429 supero
1145 2367 1177 2415 ud
1194 2368 1258 2416 mola

259 2439 312 2480 uoto
324 2430 435 2480 voeatis?
468 2431 629 2493 Manuseripti
648 2431 720 2479 lectio
739 2433 828 2494 probs:
849 2431 891 2478 sed
906 2434 1009 2493 preeotis
1026 2433 1142 2481 Latinum
1152 2447 1201 2480 uon
1212 2440 1255 2480 est.

261 2497 361 2554 Dubito,
373 2511 402 2545 un
416 2512 463 2544 uon
473 2500 579 2560 prorutis
589 2496 728 2558 legendum.
763 2497 865 2544 Festus:
886 2494 975 2545 Proeut
991 2497 1099 2546 dicebant
1112 2513 1158 2560 pru
1173 2500 1257 2559 poscit.

261 2562 348 2611 Guor.
381 2562 447 2610 Festi
457 2561 593 2609 obsoletum
601 2564 706 2624 prorutis
717 2561 1004 2623 abesse-Jubetelegautia
1017 2562 1157 2610 Germanioi
1173 2563 1256 2611 nostri.

262 2629 379 2682 Precoris,
404 2626 468 2688 quod
490 2627 559 2673 nobis
580 2625 679 2689 placuit,
701 2627 763 2674 mire
784 2626 896 2688 congruit
918 2641 974 2674 oum
998 2628 1121 2688 superiore
1142 2629 1257 2676 oratioue.
1346 2659 1348 2663 ,

260 2691 500 2748 -scu--Quu
522 2706 567 2750 me,
595 2691 661 2752 eujus
678 2691 731 2738 atu
747 2707 809 2748 usus,
825 2707 870 2752 per
890 2689 957 2753 uoto]
976 2691 1102 2754 BEGgsb.
1133 2691 1198 2749 Quu
1223 2707 1258 2739 rue

261 2758 328 2820 eujus
348 2756 443 2804 habitus
460 2772 529 2818 super
546 2761 629 2804 veruta
641 2759 669 2804 A.
688 2755 753 2813 Quid
763 2771 799 2802 rue
808 2771 872 2804 nune
883 2753 978 2805 habitus
988 2765 1080 2818 superet
1099 2759 1178 2819 (super
1188 2762 1209 2803 et
1222 2757 1259 2817 P.)

260 2823 325 2870 orata
335 2827 390 2870 vota
401 2822 451 2869 FP.
467 2821 551 2898 (ibid.)
561 2820 662 2883 voeatis]
683 2821 753 2869 AFP.
766 2823 871 2883 precatis
891 2819 1002 2883 BEng.
1014 2821 1073 2884 Leg.
1092 2822 1179 2870 saltem
1196 2829 1260 2871 esset

261 2884 701 3013 011ῗὲὃῖἯῖῗιῗᾷῗΐὶηἷῖὂοξῗίμιῑ,
728 2951 815 2998 erasae.
868 2949 1257 3013 εμπ-30141111]

261 3014 359 3064 ABEG
372 3016 447 3078 F.)gs.
466 3015 545 3064 tradet
557 3015 584 3063 P.
602 3017 695 3064 student
705 3015 817 3064 b.-0R.

297 3081 351 3130 131.
368 3079 436 3144 Abit]
460 3080 524 3128 mele
546 3080 614 3128 deest
633 3081 686 3129 haeo
708 3095 754 3127 vox
774 3081 948 3143 manuscripto.
994 3079 1257 3129 (tuor-scu.—

261 3145 356 3194 Moutis
375 3150 405 3193 A.
431 3148 534 3194 monitus
546 3145 574 3195 P.
600 3146 683 3208 (thid.)
707 3144 769 3209 obit]
790 3145 963 3209 Astrurgsb.
989 3161 1037 3194 om.
1057 3145 1109 3194 atu
1127 3146 1159 3194 G.
1193 3145 1259 3193 Hine

262 3210 326 3258 msle
337 3210 478 3273 suppletum
488 3211 514 3258 iu
527 3213 553 3258 B.
564 3229 570 3258 ι
588 3210 749 3273 petit-OR.

296 3277 350 3324 132.
371 3275 485 3324 Poveutis
498 3275 663 3324 ABR-OE.

296 3341 351 3389 134.
371 3340 496 3400 Demersu]
514 3341 578 3388 mole
598 3339 650 3388 MS.
669 3341 783 3388 dimensa.
823 3340 976 3388 Contrarium
998 3353 1104 3387 errorem
1121 3338 1146 3386 in
1165 3340 1258 3387 Avieno

261 3407 354 3455 notavi.
387 3409 446 3453 Post
462 3407 527 3454 huno
546 3421 642 3452 versum
663 3405 808 3467 sequebatur
826 3405 852 3452 in
871 3406 976 3467 vulgetis
994 3404 1137 3461 stimulis,
1157 3403 1259 3468 Quisque

260 3475 342 3533 priora
354 3476 415 3519 terret
426 3473 531 3532 vestipiu,
543 3473 641 3534 quisque
651 3470 760 3517 seeundo.
779 3470 820 3531 qui
832 3485 913 3518 rusus
925 3485 954 3518 ex
966 3486 1002 3527 eo,
1013 3469 1055 3531 qui
1067 3469 1129 3517 infra
1141 3471 1257 3532 sequitur,

262 3534 1173 3661 3333..gggpqquuqqpmqqqqpb‹1333ng3qu
1191 3535 1261 3647 ”tit

262 3666 327 3713 huuc
340 3681 363 3712 v.
374 3665 488 3712 inseritur
498 3665 524 3712 in
536 3666 606 3713 AFP.
618 3681 639 3712 v.
654 3666 706 3712 143.
735 3663 838 3726 Quisque
855 3662 979 3726 (Quisquis
989 3665 1029 3724 A.)
1043 3665 1127 3727 priora
1138 3671 1200 3713 tenet
1210 3680 1258 3712 ues-

262 3732 320 3793 tiqiu
333 3733 431 3792 quisque
442 3731 555 3794 (quiesque
565 3728 609 3787 A.)
623 3729 733 3778 seeundo.
752 3729 850 3776 Aberta
864 3729 1075 3792 Euagrus-ou.

298 3797 352 3843 135.
370 3793 496 3858 Ferrique‚
515 3794 567 3854 tu]
589 3793 645 3841 Vid.
667 3792 952 3856 Hesiod.0per.1.139‚
967 3809 1034 3857 seqq.
1054 3794 1096 3856 qui
1115 3800 1189 3856 negat
1207 3801 1259 3841 tum

262 3859 353 3908 ferrum
365 3859 447 3918 fuisse,
462 3861 496 3908 sit
507 3861 576 3906 aereis
589 3859 662 3906 ermis
672 3865 807 3922 pugnatum
820 3858 989 3906 esse.-·SCH.

296 3927 349 3973 136.
367 3923 467 3988 Arutro]
485 3925 651 3972 Vetustissimi
668 3924 779 3971 homines
796 3923 863 3970 uetes
874 3923 1045 3970 existimirurrt
1056 3921 1164 3970 occidere
1175 3923 1260 3970 bovem

261 3997 389 4046 aratorem,
407 3997 435 4038 ut
453 3990 491 4038 eui
511 3990 588 4037 vietus
600 3997 625 4036 et
639 3989 695 4037 vitae
713 3988 820 4036 maxima
836 4003 892 4050 pars
908 3987 1043 4035 deberetur.
1076 3987 1152 4034 Varro
1162 3986 1183 4034 1.
1196 3988 1261 4036 dere

261 4063 320 4103 rust.
333 4071 352 4103 e.
367 4058 389 4112 5,
410 4056 457 4102 Bos
473 4058 549 4103 socius
569 4055 689 4102 torturum
700 4056 725 4100 iu
736 4056 825 4101 rustico
841 4067 916 4114 opere,
932 4059 955 4100 et
968 4052 1060 4101 Cereris
1077 4055 1191 4100 minister.
1225 4053 1260 4100 Ab

262 4119 306 4168 tuoe
316 4122 409 4183 antiqui
419 4135 515 4169 menum
526 4122 561 4168 ita
571 4119 684 4168 abstineri
694 4119 824 4177 retenuit,
836 4122 863 4166 ut
873 4120 951 4181 cupite
966 4113 1099 4176 sonuerint,
1109 4118 1131 4164 si
1140 4119 1193 4180 quis
1203 4120 1260 4165 orei
