2868 4848
224 571 268 636 50
646 589 802 636 senonis.

224 729 353 796 obiisse.
399 728 530 797 Quibus
543 727 609 808 ille,
625 727 787 808 Crastino,
802 729 921 816 inquit,
943 729 995 796 die
1009 730 1050 796 ad
1065 729 1223 818 Delphini

223 827 470 882 monumentum
481 816 654 901 jurabitis:
679 839 798 917 eosque
813 817 967 882 custodiri
980 819 1153 896 mandavit,
1173 832 1223 884 at-

223 926 287 989 que
312 901 465 968 Orionem
490 903 538 966 ita
561 912 710 968 omatum
732 913 816 967 sicut
839 925 873 968 se
895 904 1162 989 praecipitaverat,
1186 907 1222 970 in

222 999 433 1054 monumento
456 987 610 1074 Delphini
626 987 821 1054 delitescere.
868 989 951 1053 Cum
966 999 1075 1054 autem
1091 991 1221 1056 adducti

221 1097 280 1160 per
304 1074 460 1160 Delphini
482 1085 728 1140 monumentum
745 1077 894 1160 jurarent
917 1074 1071 1141 Orionem
1091 1077 1220 1156 obiisse,

222 1162 309 1226 etde
324 1171 536 1226 monumento
557 1161 737 1262 prodiisset,
758 1161 805 1224 illi
821 1184 895 1226 eum
910 1161 1053 1227 videntes
1067 1164 1221 1228 obmutu-

221 1257 329 1324 erunt,
343 1247 454 1334 ibique
464 1247 548 1331 regis
558 1247 692 1331 rmperio
702 1247 848 1312 crucifixi
858 1257 943 1312 sunt.
990 1247 1118 1313 Dehinc
1130 1248 1151 1312 J
1152 1251 1220 1315 ovis

220 1333 425 1398 miseratione
456 1333 573 1398 dicitur
603 1333 705 1398 Orion
726 1356 799 1398 cum
826 1332 990 1418 Delphino
1018 1335 1104 1399 inter
1133 1347 1221 1401 astra

221 1420 354 1506 positus.
400 1418 551 1504 Nigidius
566 1431 675 1485 autem
691 1419 789 1484 refert
797 1421 936 1506 quodam
947 1431 1091 1506 tempore
1104 1420 1219 1488 Jovem

220 1529 293 1570 cum
304 1506 428 1571 caeteris
439 1506 499 1570 diis
515 1507 602 1592 apud
618 1505 782 1571 Musaeum
795 1506 1016 1571 Bistoniorum
1025 1529 1134 1590 regem
1144 1507 1220 1573 hos·

218 1592 301 1677 pitio
326 1592 439 1676 dapsili
462 1593 654 1692 copiosoque
678 1593 795 1656 affeetu
822 1593 960 1677 praedito
991 1593 1027 1657 in
1054 1593 1218 1660 hilaritate

219 1677 431 1758 constituisse,
447 1690 486 1742 ut
499 1679 534 1743 in
545 1701 631 1744 corso
643 1677 742 1743 Tauri
751 1679 807 1765 qui
817 1690 894 1744 tunc
903 1678 1086 1744 immolatus
1097 1679 1217 1758 fuerat,

217 1765 409 1849 mingerent,
435 1786 537 1851 eoque
557 1764 627 1829 loco
642 1765 677 1830 in
691 1764 777 1829 corio
801 1775 888 1830 terra
910 1766 1029 1830 obruta
1051 1777 1146 1830 natus
1173 1768 1217 1832 sit

219 1849 332 1929 Orion,
349 1852 405 1936 qui
420 1851 524 1916 factus
538 1851 721 1916 adolescens
737 1851 833 1935 digna
848 1852 980 1916 deorum
994 1851 1096 1916 forma
1116 1863 1216 1938 atque

219 1938 349 2022 egregia
362 1937 480 2002 virtute
496 1937 657 2015 incitatus,
673 1937 845 2003 immortali
860 1937 1014 2002 memoria
1032 1938 1216 2022 obtemper-

217 2023 304 2101 abat,
338 2023 455 2108 quibus
485 2035 575 2088 ortus
599 2023 774 2089 dicebatur.
819 2024 905 2088 Nam
929 2046 1001 2088 cum
1027 2023 1062 2087 in
1086 2022 1216 2090 Celinio

217 2121 399 2188 venaretur,
427 2108 566 2174 Dianam
594 2109 731 2174 irridens
761 2111 987 2174 contemnebat
1010 2111 1080 2195 ejus
1105 2133 1215 2196 opera,

243 2217 292 2260 uae
322 2195 357 2260 in
385 2206 495 2260 monte
532 2195 757 2260 constituebat.
805 2195 922 2282 Itaque
951 2194 1061 2260 Diana
1089 2197 1215 2262 misisse

216 2216 334 2346 dieitur
355 2281 562 2367 Scorpionem
585 2282 643 2368 qui
665 2281 817 2346 Orionem
833 2283 899 2346 vita
917 2283 1074 2366 privaret:
1099 2282 1214 2362 Orion,

215 2367 281 2432 vita
295 2367 448 2454 privatus,
465 2367 620 2434 sideribus
635 2367 742 2432 illatus
758 2381 818 2433 est.
864 2368 976 2432 Habet
987 2379 1096 2434 autem
1105 2369 1214 2436 stellas

215 2454 369 2538 incapite
385 2455 484 2519 claras
501 2465 577 2531 tres,
596 2477 613 2518 e
630 2455 747 2540 quibus
762 2453 867 2520 media
881 2465 930 2519 est
945 2453 1140 2539 splendidior
1150 2477 1214 2520 cae-

216 2539 313 2605 teris:
336 2541 371 2604 in
401 2541 534 2625 singulis
563 2539 704 2604 humeris
735 2540 875 2625 singulas
901 2541 1011 2620 claras,
1035 2541 1069 2604 in
1096 2541 1213 2606 dextro

214 2626 325 2691 cubito
340 2627 506 2691 obscuram
520 2649 629 2704 unam,
647 2627 684 2690 in
699 2627 809 2691 eadem
824 2649 922 2692 manu
937 2649 1046 2704 unam,
1070 2627 1106 2690 in
1129 2651 1215 2693 zona

214 2724 292 2789 tres,
316 2712 350 2776 in
365 2713 483 2796 gladio,
508 2735 604 2799 quem
627 2724 719 2777 tenet
733 2713 767 2776 in
783 2735 890 2792 manu,
912 2724 997 2778 tres:
1021 2713 1056 2776 in
1080 2713 1212 2797 singulis

215 2799 351 2882 genibus
366 2799 517 2884 singulas,
533 2800 567 2863 in
583 2799 717 2882 singulis
729 2800 863 2884 pedibus
878 2798 1029 2884 singulas,
1039 2799 1074 2862 in
1086 2800 1212 2866 mantili

214 2894 289 2949 tres.
337 2885 421 2950 Sunt
436 2908 546 2950 omnes
563 2885 684 2950 XVII.
708 2898 742 2949 et
757 2887 866 2950 decem
882 2909 925 2950 ex
941 2887 986 2952 eis
1002 2886 1210 2951 obscuriores.

259 2971 361 3034 Sirius
376 2971 469 3036 stella
483 2982 532 3036 est
547 2973 581 3035 in
596 2971 701 3035 medio
719 2971 838 3037 Centro
854 2973 934 3050 caeli,
959 2973 999 3036 ad
1022 2993 1118 3057 quam
1138 2995 1212 3037 cum

215 3056 271 3122 Sol
286 3058 463 3135 accesserit,
480 3057 661 3142 duplicatur
675 3057 760 3122 calor
773 3059 884 3143 ipsius,
909 3068 943 3122 et
963 3059 1116 3142 languore
1142 3059 1212 3123 affi-

214 3143 343 3208 ciuntur
351 3166 484 3228 corpora
492 3143 642 3210 humana.
681 3144 800 3208 Sirium
810 3155 919 3208 autem
928 3145 1053 3209 stellam
1063 3154 1210 3210 vocatam

212 3241 331 3313 putant
353 3241 485 3316 propter
500 3231 637 3294 flammae
651 3231 830 3296 candorem.
876 3230 985 3294 Latini
1000 3242 1108 3295 autem
1122 3231 1209 3297 illam

215 3315 401 3381 Caniculam
425 3326 550 3395 vocant,
573 3318 658 3380 unde
685 3326 718 3380 et
733 3317 800 3380 dies
826 3316 1028 3382 Caniculares
1049 3317 1208 3396 dicuntur,

212 3403 288 3487 quia
300 3403 452 3488 quamdiu
469 3403 525 3466 Sol
540 3403 575 3466 in
589 3403 661 3486 ipsa
675 3413 735 3482 est,
749 3402 900 3487 pestifera
915 3413 973 3482 est,
990 3404 1045 3467 sed
1060 3411 1118 3488 pro
1131 3425 1209 3489 qua-

211 3487 304 3552 litate
319 3489 534 3574 adjacentium
549 3499 771 3555 commutatur.
818 3489 904 3554 Nam
920 3506 976 3554 aut
990 3490 1139 3567 vincitur,
1153 3501 1210 3554 aut

210 3574 366 3638 morbosis
389 3575 493 3639 utitur
516 3575 648 3640 viribus.
695 3574 784 3640 Hinc
812 3588 871 3654 est,
900 3577 997 3661 quod,
1023 3598 1096 3640 cum
1121 3587 1210 3640 certo

211 3669 356 3744 tempore
377 3661 490 3740 oritur,
514 3683 579 3726 non
604 3684 730 3748 semper
750 3672 797 3726 est
814 3662 922 3726 noxia.
969 3661 1111 3729 Quidam
1133 3684 1208 3726 vero

212 3745 334 3824 dieunt,
352 3747 473 3812 Canem
487 3747 595 3825 fuisse,
635 3770 685 3812 uae
701 3748 843 3833 Europae
857 3770 930 3812 cum
947 3749 1084 3813 dracone
1101 3758 1208 3812 custos

210 3831 286 3896 data
299 3844 358 3914 est,
373 3855 446 3919 quae
461 3844 573 3919 postea
588 3769 698 3899 hiinos
722 3846 859 3921 utraque
874 3834 1006 3920 accepit.
1059 3834 1209 3899 Eandem

210 3929 322 4003 postea
337 3920 378 3984 ob
393 3921 560 3984 medicinae
576 3943 704 3986 causam
720 3920 864 3986 Procridi
878 3921 914 3985 in
932 3943 1065 3986 munere
1087 3921 1206 3999 datam,

211 4025 284 4090 quae
305 4017 419 4091 postea
444 4004 607 4092 Cephalus
630 4018 767 4093 utraque
787 4007 940 4092 possedit,
963 4008 1011 4072 vir
1035 4006 1206 4084 Procridis,

209 4091 266 4177 qui
280 4113 352 4157 eam
366 4093 406 4158 ad
422 4093 548 4160 Thebas
564 4092 659 4159 duxit
674 4094 714 4159 ad
728 4093 856 4178 vulpem
871 4093 1098 4159 Thebanorum
1113 4115 1205 4192 agros
