2902 4838
267 532 318 582 lxiv
746 543 825 580 nora

299 671 357 724 578.
376 671 446 730 Quod
465 670 495 720 Δ.
519 669 604 732 (lbitl)
631 669 725 734 currat]
749 670 852 734 EGgsb.
879 677 960 720 curret
977 669 1018 730 A,
1036 671 1079 720 sed
1101 686 1220 736 superior.
1241 687 1265 722 c.

265 737 567 864 ‘nauffinna
586 800 618 850 u.
643 799 746 850 enum
761 805 827 864 unu
846 799 971 864 pungas.
989 799 1203 864 (unumunurn
1222 803 1264 852 sn

265 868 359 932 scripsi.
375 868 481 916 radiauit
492 867 523 914 A.
541 867 659 914 nuruis
670 865 767 929 sung.
784 867 896 914 radiatur
906 867 936 914 sle
947 881 971 929 g.
984 867 1048 928 conj.
1059 866 1187 916 εἰν-011.

298 935 353 982 580.
373 932 464 980 Colere
477 937 527 980 tum
533 933 615 994 proris
622 932 731 980 ardentio
740 934 830 995 suscipe
833 933 942 994 flammis
949 963 973 980 ...
981 930 1047 989 Quid
1056 932 1136 989 cedat,
1146 937 1174 980 ut
1183 938 1265 995 surpot

266 999 382 1062 enfin.
394 1013 418 1045 ο.
431 995 463 1054 Q.
479 1012 501 1044 o.
521 1011 541 1045 ε.
560 1012 578 1044 s.
596 996 856 1058 cmucaerulaliupunt.
890 997 999 1058 Namque
1018 997 1080 1044 auu
1095 998 1264 1058 pervetustus

265 1062 355 1124 majore
366 1061 473 1110 trahetur
479 1060 547 1109 Molo
553 1062 618 1110 olio:
627 1077 740 1110 oceanum
747 1061 817 1110 tardo
826 1061 941 1125 liquentia
945 1059 1031 1124 passu]
1041 1061 1114 1109 Forte
1122 1061 1263 1124 legendum,

267 1126 357 1176 Cetera
367 1133 418 1175 tum
425 1129 509 1189 pronis
520 1126 630 1174 ardentio
639 1127 730 1189 suspice
739 1128 856 1188 fiammis,
874 1125 939 1183 Quid
950 1126 1027 1184 cadus,
1045 1133 1087 1174 aut
1104 1133 1187 1190 serpat
1197 1143 1262 1175 rum-

264 1189 545 1252 moueseruturolrurbe.
571 1190 668 1240 Pronus
671 1193 785 1254 stammas
796 1190 877 1250 babet,
888 1191 945 1254 quia
956 1191 987 1239 sd
997 1206 1042 1238 nos
1053 1206 1137 1240 versae.
1165 1192 1263 1240 Summo

265 1253 296 1304 ub
313 1256 367 1306 orbe
376 1258 443 1318 serti
454 1263 553 1305 vocetur
561 1258 727 1320 μεοορονεῖν.
762 1256 857 1305 Caeteru
867 1271 922 1318 quse
934 1261 1070 1318 sequuntur
1081 1271 1112 1304 ex
1126 1257 1201 1304 Arato
1213 1272 1262 1305 non

264 1328 331 1381 sont,
342 1330 367 1370 ct
376 1324 410 1370 its
422 1320 538 1383 legendo:
558 1319 681 1377 Quontcue
692 1322 794 1369 exiliunt
802 1323 881 1384 spatio
889 1336 943 1369 num
951 1322 1038 1368 coerulo
1049 1320 1174 1386 liupuum3
1187 1322 1263 1370 Nom·

264 1401 308 1450 que
319 1387 387 1436 aliud
394 1389 489 1450 pensis,
502 1386 571 1434 uliud
581 1386 671 1450 rnujore
680 1385 789 1435 trahetur
798 1385 868 1434 Mole
877 1387 926 1434 olio
934 1402 943 1433 .·
952 1401 1064 1434 oceanum
1075 1389 1144 1436 turdo
1156 1388 1263 1450 linquen-

264 1455 299 1500 εἰν
310 1467 392 1514 pouu.
427 1450 482 1499 Hoc
502 1451 574 1499 dicit:
592 1450 678 1499 debers
696 1465 754 1499 eum
772 1451 815 1513 qui
835 1451 944 1498 noctium
962 1449 1105 1514 dierumque
1122 1467 1263 1500 mensuram

265 1516 326 1564 scire
346 1515 411 1571 velit.
429 1515 504 1579 (quod
515 1515 596 1564 nuufis
606 1515 632 1563 io
642 1530 740 1564 summo
752 1523 789 1564 est
801 1531 855 1572 usu,
871 1517 936 1564 onds
947 1530 1021 1577 suprs
1032 1530 1056 1562 v.
1070 1518 1126 1575 290,
1139 1514 1215 1564 'Oor'
1226 1516 1262 1564 ἄν

264 1596 305 1628 ros
322 1579 416 1638 uvrrdc
437 1577 629 1644 πεφοβημένῳέ
649 1577 731 1645 plistu
742 1577 796 1639 ἠὼς
808 1578 910 1640 'EA-Sos,
926 1578 943 1639 ἠ
954 1579 1025 1644 μάλα
1036 1579 1124 1629 πολλοὶ
1133 1579 1262 1645 βοωμένῳ.

265 1647 300 1694 Et
316 1647 386 1706 inlrs,
405 1661 427 1693 r.
439 1646 495 1704 781,
510 1643 545 1693 ’11
563 1597 657 1704 ννιτές
667 1644 761 1710 μέτρον
781 1643 805 1709 γ’
824 1644 853 1705 ἠὲ
874 1643 956 1694 πλέον
974 1644 1122 1709 ἀγγείλειε.)
1141 1648 1262 1708 praecipuc

265 1713 398 1770 observare,
417 1725 473 1774 quse
493 1711 559 1759 tarde
579 1711 694 1771 curritur,
714 1727 769 1774 quse
787 1710 907 1760 celeriter.
940 1710 1006 1760 Num
1018 1718 1080 1760 teste
1093 1712 1201 1774 Capella,
1219 1727 1262 1775 pro

265 1777 403 1826 diversitate
413 1775 456 1824 illa
468 1775 602 1838 signorum,
621 1776 715 1824 dierum
728 1777 884 1839 noctiumque
896 1775 925 1823 fit
934 1776 1095 1838 inaequslitss.
1130 1777 1262 1839 subjunxit

264 1841 347 1904 itaque
358 1841 468 1904 regulam
479 1840 508 1889 ds
519 1840 586 1889 turdo
597 1841 738 1898 orientibus,
755 1857 783 1889 eu
794 1840 906 1889 videlieet
916 1855 1014 1889 oausam
1031 1842 1087 1890 dare
1103 1841 1198 1890 dicrum
1208 1842 1261 1890 lon·

266 1907 370 1968 giorum.
405 1906 453 1955 Sed
463 1921 549 1954 sensus
559 1907 714 1970 imperfectus
725 1913 763 1954 est
771 1906 801 1954 ob
812 1921 894 1954 versus
904 1906 979 1954 unius
986 1907 1125 1968 pluriumve
1133 1907 1260 1956 defectum.

267 1971 355 2034 Neque
371 1971 493 2020 immerito
513 1971 605 2030 dubito,
625 1987 655 2019 un
674 1971 728 2020 haec
745 1971 776 2019 ad
794 1971 967 2029 Phaenomms,
980 1987 1011 2020 sn
1023 1972 1104 2034 polius
1117 1972 1147 2020 sd
1158 1972 1262 2020 alterum

265 2037 420 2099 opusculum,
432 2036 518 2099 inquo
530 2037 590 2084 torte
602 2037 632 2084 de
643 2043 740 2085 ortuum
754 2043 778 2086 et
787 2051 919 2085 occssuum
930 2037 1080 2099 temporibus
1092 2037 1176 2098 egerit,
1189 2038 1262 2100 perti·

265 2111 347 2150 necor.
382 2102 435 2150 Gn.
468 2101 585 2150 Nostrum
595 2102 767 2150 correctionem
779 2102 860 2150 tirum
870 2101 985 2162 latinitas,
1003 2110 1028 2150 et
1045 2101 1191 2150 coherentia
1208 2117 1261 2150 rer-

264 2168 350 2216 bcrum
362 2165 476 2222 Asturius
499 2166 581 2214 tlrmst
598 2182 637 2214 res
653 2165 1011 2230 ipsu.-SCH.—Proprtts]
1026 2167 1059 2215 A.
1075 2169 1154 2228 proris
1166 2167 1261 2229 BEGg.

262 2233 346 2296 pronis
357 2231 387 2279 de
399 2246 423 2294 g.
434 2231 497 2294 conj.
508 2231 544 2279 sb.
561 2231 646 2293 (ibid)
656 2229 757 2294 suspice]
770 2231 824 2279 BE.
841 2233 879 2292 (ut
887 2233 983 2280 emend.
995 2232 1030 2293 g.)
1041 2233 1076 2280 sb.
1087 2233 1176 2294 νοεοὶρο
1184 2230 1259 2295 AGg.

264 2297 306 2359 (ln
319 2296 351 2344 A.
363 2311 378 2343 ε
390 2311 437 2343 sec.
450 2311 483 2343 m.
494 2297 597 2344 verbum
607 2297 654 2344 hoo
665 2296 881 2359 superscr.)—Oll.

298 2363 355 2409 sul.
373 2358 456 2422 Quod]
476 2359 516 2408 Sic
532 2361 625 2425 scripsi.
652 2360 718 2419 Quid
728 2361 866 2424 ABEng.
883 2360 968 2422 (Ibid.)
983 2367 1026 2410 out
1037 2359 1130 2424 suryut]
1143 2359 1199 2411 ΑΕ.
1219 2359 1261 2422 (ut

264 2426 359 2474 emend.
370 2425 405 2487 g.)
416 2425 452 2473 sb.
468 2431 495 2473 ut
505 2433 586 2489 turpat
600 2426 680 2474 ΒΕΘ.
706 2425 799 2489 Quique
816 2427 903 2475 ccdout
912 2431 1022 2487 suryont.
1031 2427 1152 2487 ‚stercutur
1161 2441 1180 2474 s.
1195 2427 1258 2488 conj.

262 2489 371 2539 subruere
384 2490 415 2538 A.
432 2490 516 2551 (Ibid.)
531 2494 557 2540 lu
569 2490 637 2554 orbs]
653 2493 681 2539 A.
699 2492 729 2539 ab
741 2489 795 2539 orbs
807 2491 1027 2554 umgas-on.

298 2557 354 2604 582.
373 2553 524 2618 Quantoque]
544 2557 576 2603 A.
598 2557 697 2605 firmans
716 2556 837 2605 emendat.
852 2572 873 2603 s.
899 2554 1032 2617 Quantove]
1045 2554 1157 2617 BEng.
1176 2554 1261 2617 (Ibin)

264 2622 364 2670 exiliunt
381 2619 470 2683 spolio]
493 2620 601 2682 BEGgs.
618 2621 719 2670 exiliunt
735 2622 813 2682 spatio
822 2621 846 2668 b.
870 2621 936 2668 suilli
947 2625 1048 2683 utspuls'o
1060 2620 1092 2669 A.
1115 2620 1258 2682 (Ibid.)ts'u-

264 2683 354 2750 quuut]
366 2685 395 2732 dc
406 2700 431 2746 g.
443 2686 537 2733 emend.
549 2687 584 2733 sb.
602 2687 694 2734 lincunt
704 2684 735 2732 A.
753 2687 847 2747 lincunt
858 2685 1044 2747 Boou-on.

298 2753 354 2800 583.
373 2751 435 2798 Aliis
442 2752 531 2812 pernis
540 2751 622 2806 soltus.
635 2749 735 2814 majore]
748 2751 788 2797 Sic
800 2751 894 2812 scripsi,
909 2766 959 2799 uns
977 2750 1047 2799 litero
1064 2750 1144 2798 additu
1159 2747 1259 2798 lectioni

264 2815 314 2864 A.:
337 2815 393 2864 ollis
409 2818 496 2878 pernix
514 2817 577 2864 saltu
595 2817 690 2878 nuujcre.
714 2817 770 2863 ollis
782 2818 871 2878 pernis
881 2817 943 2863 ullus
957 2817 1046 2879 majore
1058 2815 1088 2863 B.
1105 2816 1167 2862 ullus
1178 2814 1222 2876 (E.
1232 2815 1260 2862 in

264 2896 344 2944 marg.
355 2882 372 2908 “
381 2880 423 2928 Al.
436 2879 528 2940 oliis.”)
536 2883 622 2942 pernis
632 2881 695 2927 ullus
703 2881 792 2944 majore
805 2881 878 2944 EGg.
894 2881 963 2928 aliud
972 2884 1057 2943 pernis
1063 2897 1072 2938 ,-
1090 2879 1159 2928 uliud
1169 2881 1260 2944 majore

264 2946 295 2994 de
307 2961 330 3008 g.
342 2945 404 3007 conj.
417 2947 451 2993 sb.
470 2944 554 3007 (Ibid)
566 2946 694 2993 trabuntur
705 2945 737 2992 A.
754 2945 863 2993 trahetur
879 2945 1096 3007 stingui-on.

297 3013 353 3060 5⁸4.
374 3009 455 3058 Turdo
476 3012 609 3072 linquentis
625 3008 710 3072 passu]
730 3010 825 3058 Plinius
846 3011 883 3059 11.
903 3025 923 3058 o.
945 3012 983 3059 19.
1016 3011 1065 3058 Sed
1084 3025 1133 3072 que
1150 3014 1215 3057 rectu
1233 3011 1260 3057 iu

264 3082 347 3124 exortu
357 3091 398 3123 suo
409 3079 551 3136 omsurpunt
561 3077 637 3135 οἱρηα,
656 3075 760 3138 tunctune
772 3080 850 3123 tractu
861 3081 938 3124 tenensi
956 3076 1031 3124 lucem
1041 3074 1135 3137 (solis);
1146 3089 1196 3138 quc
1207 3089 1261 3121 veru

264 3141 369 3202 obliqua,
386 3155 469 3204 ocyore
480 3145 603 3188 transeunt
618 3143 703 3202 spolio.
738 3139 801 3188 Add.
823 3139 942 3188 Hsrduin.
961 3148 986 3188 et
1001 3140 1126 3203 Capellam
1143 3140 1172 3186 de
1190 3145 1259 3200 nupt.

265 3204 354 3253 Philol.
365 3203 408 3252 lib.
418 3205 492 3252 VIIl.
503 3220 528 3266 p.
540 3207 596 3265 284,
609 3205 911 3254 285.-scH.-Mou
921 3204 983 3268 olio]
994 3205 1025 3253 A.
1042 3205 1110 3252 Mole
1119 3206 1168 3252 olio
1178 3203 1260 3252 ΒΕΘ-

265 3271 317 3332 gsb.
334 3268 419 3330 (lbid.)
430 3269 575 3333 linquentis]
587 3271 620 3318 A.
638 3277 667 3318 ut
677 3270 773 3318 volebat
783 3285 807 3332 g.
821 3271 855 3318 sb.
873 3271 989 3333 liquentis
999 3270 1188 3333 sunu-ou.

298 3337 353 3383 5⁸5.
373 3333 443 3390 Quod
451 3336 558 3397 siucfiue
569 3334 874 3398 ouva-Quillene·Garparo
883 3339 952 3384 souti
963 3337 1020 3383 dens
1029 3338 1147 3397 superisne
1157 3337 1260 3396 opltotus

269 3395 395 3463 Olympus]
410 3400 599 3462 corruptissima
610 3408 667 3449 sunt
678 3401 738 3461 haec,
749 3401 792 3448 sed
799 3401 834 3449 itc
841 3401 999 3458 emendanda,
1008 3401 1045 3448 uti
1053 3403 1106 3462 Jsm
1113 3400 1205 3448 factum
1214 3407 1259 3448 est.

265 3462 363 3513 Poetics
383 3462 539 3528 παραρρήξει
555 3465 602 3512 istc
619 3469 738 3513 Arsteuv.
752 3466 868 3513 sss-565.
886 3463 952 3530 ἀτὰρ
969 3463 991 3512 εἰ
1008 3463 1121 3528 νεφέεσσι
1139 3461 1261 3528 μέλαιναι

265 3527 366 3578 Γίνοντ’
375 3529 392 3589 ἢ
400 3529 471 3595 ὄρεος
478 3527 646 3594 κεκρυμμέναι
653 3527 812 3590 ἀντέλλοιεν,
819 3527 918 3594 Σὴματ’
927 3527 1137 3595 έπερχομένοισιν
1146 3527 1261 3594 ἀρηρότα

265 3593 433 3653 ποιήσασθαι.
468 3595 503 3642 Et
522 3610 577 3657 qnae
595 3602 738 3657 sequuntur.
774 3595 915 3644 Titlurur'um
933 3603 1012 3643 ortum
1033 3596 1096 3643 dixit
1117 3595 1146 3643 ab
1168 3609 1261 3642 surorae

264 3660 359 3708 marito.
394 3660 569 3708 Emendsndus
586 3659 704 3718 Avienus,
725 3660 767 3722 qui
779 3659 836 3708 alibi
848 3660 917 3720 dixit,
932 3661 997 3708 Nom
1014 3659 1131 3708 Tithonus
1142 3675 1195 3707 cum
1206 3665 1261 3707 sunt

265 3727 328 3774 eluta
343 3726 472 3789 profundo.
506 3725 556 3772 Ubi
572 3724 636 3772 mule
653 3740 754 3788 nomque
776 3727 873 3774 Titanes
890 3725 986 3788 legitur.
1021 3726 1073 3774 Gn.
1108 3725 1142 3772 Et
1160 3725 1262 3787 vestigia

265 3790 390 3839 literarum
407 3796 432 3839 et
450 3790 521 3838 Arcti
540 3790 613 3838 verbs
629 3796 765 3848 suaserunt,
785 3797 813 3838 ut
834 3793 903 3852 suipra
921 3807 965 3854 pro
984 3805 1043 3838 ouva
1060 3804 1189 3853 ponerem:
1216 3789 1261 3836 etsi

264 3855 375 3968 ἓειιᾶἱοί,
393 3855 641 3977 ougsbanubestaepc
659 3855 796 3968 rncmborsri.
824 3855 896 3981 fild.
913 3855 1009 3932 Plinius
1021 3855 1162 3979 bHchtw'
1181 3861 1206 3902 et
1226 3854 1260 3966 igi

292 3937 318 3968 ur
335 3936 418 3970 u1n.-
488 3946 560 3966 .—
586 3935 615 3968 uo
648 3936 668 3968 su
686 3936 747 3968 νινε
764 3935 822 3968 cava
871 3936 884 3968 e
920 3957 927 3970 .
946 3937 1009 3970 con.
1039 3955 1043 3968 .
1086 3936 1114 3968 uo
1140 3935 1262 3967 uueuue

264 4001 322 4034 cova
341 3985 372 4033 A.
399 3985 469 4042 Quod
484 3987 534 4032 siue
543 3987 598 4047 fine
616 3997 674 4033 cova
696 3986 788 4048 BEGg.
812 3985 881 4044 Quod
889 3936 1063 4048 sduubeblpru
1075 4001 1094 4034 s.
1106 3985 1169 4047 conj.
1203 3985 1262 4033 Post

263 4050 329 4099 hunc
339 4062 379 4100 vv.
392 4053 448 4101 585.
460 4049 542 4098 omnis
557 4050 740 4099 Phaenomenon
752 4051 804 4100 siue
815 4051 865 4098 ullo
877 4051 984 4100 delectus
1002 4052 1071 4115 signo
1090 4051 1178 4099 absunt
1189 4065 1203 4098 s
1214 4049 1258 4097 (ld.
