2868 4848
202 546 246 613 66
627 563 782 612 senona,

204 716 239 771 et
250 704 337 770 omni
348 726 427 770 aura
438 705 642 790 quiescente,
659 704 811 790 quoniam
820 725 925 790 neque
937 703 971 770 in
983 705 1082 784 nube,
1093 729 1200 793 neque

203 792 238 856 in
253 793 334 856 flatu
345 792 464 856 cadunt
478 814 585 870 rores3
602 791 646 856 sie
656 813 785 877 quoque
797 813 862 855 non
874 791 943 856 sine
954 793 1103 857 remedio.
1128 795 1202 859 Sar·

203 891 314 944 menta
329 889 387 943 aut
401 877 565 963 palearum
580 900 718 954 acervos,
735 889 769 942 et
783 877 905 942 evulsas
916 877 1043 956 herbas,
1054 879 1201 945 frutices·

204 985 268 1050 que
285 987 344 1050 per
357 963 465 1030 vineas
479 986 671 1049 camposque
694 985 767 1028 cum
791 963 931 1043 timebis,
952 965 1126 1044 incendite,
1149 967 1201 1030 fu-

204 1074 276 1116 mus
289 1050 488 1129 medebitur3
504 1049 582 1115 hice
594 1049 693 1136 paleis
704 1061 737 1114 et
748 1061 859 1115 contra
869 1050 1001 1115 nebulas
1013 1052 1199 1130 auxiliatur,

205 1138 262 1202 ubi
278 1136 406 1202 nebulae
422 1147 548 1203 nocent.
594 1135 736 1202 Quidam
751 1147 816 1200 tres
831 1158 960 1201 cancros
971 1137 1057 1202 vivos
1065 1139 1200 1202 cremari

202 1224 322 1310 jubent
336 1223 369 1287 in
379 1223 528 1300 arbustis,
539 1233 577 1287 ut
587 1222 772 1287 carbunculi
780 1245 846 1286 non
857 1235 1005 1288 noceant.
1029 1221 1098 1288 Alii
1109 1225 1201 1290 siluri

205 1331 333 1375 carnem
347 1309 459 1374 leviter
474 1309 525 1374 uri
538 1333 557 1374 a
572 1319 678 1387 vento,
692 1319 730 1373 ut
743 1331 802 1395 per
823 1319 925 1374 totam
947 1309 1072 1374 vineam
1092 1310 1201 1376 furnus

205 1395 417 1482 dispergatur.
462 1393 567 1461 Varro
579 1406 690 1460 auctor
704 1407 764 1475 est,
775 1395 897 1496 quodsi
909 1395 1063 1460 Fidiculae
1075 1419 1200 1474 occasu,

204 1482 293 1568 quod
307 1492 357 1546 est
370 1481 498 1546 initium
514 1482 674 1561 autumni,
688 1503 753 1546 una
764 1503 836 1566 proa
847 1491 1049 1546 consecretur
1059 1481 1145 1546 inter
1155 1485 1201 1548 vi-

205 1580 265 1646 tes,
276 1568 382 1633 minus
392 1590 508 1634 nocere
522 1578 738 1652 tempestates.
762 1566 936 1633 Archibius
948 1568 988 1632 ad
999 1566 1201 1633 Antiochum

206 1653 310 1741 Syriae
318 1677 427 1740 regem
438 1654 497 1718 scri
522 1653 575 1732 sit,
588 1654 615 1718 si
626 1653 717 1718 fictili
728 1675 810 1718 novo
822 1654 968 1718 obserata
980 1655 1135 1719 obruatur
1147 1677 1202 1718 ru-

204 1742 281 1806 beta
295 1763 373 1806 rana
387 1741 421 1806 in
434 1677 540 1804 media
554 1753 673 1824 segete,
690 1761 754 1804 non
770 1762 838 1804 esse
853 1740 967 1804 noxias
982 1751 1200 1825 tempestates.

249 1827 406 1910 (Vertices
426 1836 599 1904 extremos,
619 1827 701 1891 circa
724 1848 804 1912 quos
825 1827 895 1892 caeli
910 1826 1035 1912 sphaera
1053 1826 1200 1906 volvitur,

208 1914 304 1978 Polcs
328 1935 562 1998 nuncupavere,
590 1913 742 1998 equibus
766 1935 850 1976 unus
866 1923 915 1976 est
930 1913 1200 1998 septentrionalis,

207 2001 263 2086 qui
277 1999 394 2065 boreus
409 1999 600 2084 appellatur,
616 1999 673 2086 qui
687 2020 853 2084 nunquam
868 1999 991 2065 occidit.
1037 1999 1133 2063 Alter
1143 2023 1201 2063 au-

206 2086 322 2164 stralis,
339 2086 397 2172 qui
412 2096 506 2149 terrae
521 2086 666 2171 objectus
680 2109 700 2150 a
713 2085 805 2148 nobis
818 2106 983 2170 nunquam
994 2085 1129 2149 videtur.
1153 2085 1201 2150 Et

206 2183 411 2238 austronotus
437 2171 563 2250 dicitur,
589 2193 684 2258 quam
702 2171 832 2257 quidam
855 2171 967 2236 dieunt
986 2195 1054 2236 esse
1070 2171 1201 2256 Tethyn

208 2258 330 2324 Oceani
358 2279 504 2336 uxorem,
535 2259 693 2322 nutricem
721 2257 871 2335 Junonis,
901 2280 975 2344 quae
1003 2257 1136 2342 fingitur
1165 2257 1201 2321 in

207 2345 337 2409 Oceano
351 2343 513 2430 prohiberi
528 2344 679 2409 occidere.
726 2341 808 2408 Haec
831 2343 930 2409 habet
945 2344 1063 2421 stellas,
1089 2344 1124 2408 in
1150 2366 1201 2408 ca-

204 2432 272 2517 pite
288 2442 411 2516 septem
435 2453 499 2494 non
522 2431 630 2507 claras,
655 2430 690 2493 in
714 2441 850 2517 utraque
865 2453 942 2495 aure
957 2431 1045 2508 duas,
1061 2430 1095 2511 in
1111 2452 1200 2494 armo

205 2540 313 2594 unam,
330 2516 364 2580 in
379 2527 508 2602 pectore
524 2516 640 2580 claram
655 2538 763 2594 unam,
778 2517 814 2580 ‘iu
829 2516 910 2601 pede
924 2517 1023 2603 priori
1040 2538 1149 2595 unam,
1164 2516 1203 2580 in'

204 2604 325 2668 femore
339 2603 507 2688 posteriori
521 2603 610 2680 duas,
627 2603 661 2666 in
675 2602 756 2687 pede
772 2614 918 2668 extremo
929 2601 1097 2690 posteriori
1109 2603 1199 2680 duas,

204 2690 239 2754 in
254 2689 354 2755 cauda
370 2702 445 2755 tres.
491 2687 576 2756 Sunt
591 2711 700 2754 omnes
715 2686 814 2774 XX.)
