2902 4838
246 539 255 588 1
711 553 788 590 norm

246 679 296 729 isuo
312 693 361 728 non
379 678 625 756 pertipereputsbss,
644 679 781 756 reposuisse
803 678 865 728 Toto
875 681 954 730 elom
964 697 1039 746 equo:
1054 683 1120 746 quod
1130 699 1207 747 equus
1218 685 1245 735 in

247 745 325 806 ligure
336 745 451 792 Centauri
462 751 543 808 spitus
557 759 687 792 memorsn
704 745 837 793 ridebatur.
869 744 931 794 Tem
947 761 1021 808 purus
1040 749 1187 798 correctione
1200 766 1246 800 sus

248 810 395 858 Germanico
407 809 542 857 vindicetur
551 807 666 858 iocosum
678 809 1056 873 opinio.-·SCII.-venientis
1064 813 1213 863 Au-on.

280 875 338 924 426.
356 873 533 936 Neoproeulls.
546 872 692 922 nuens.
708 874 765 923 C.l.
779 878 926 924 lensiensi.
939 875 966 924 1.
978 874 1011 924 Ρ.
1022 893 1045 924 a.
1061 877 1088 925 C.
1099 893 1119 926 o.
1130 895 1150 927 e.
1164 883 1244 928 tristia

246 956 265 989 s.
278 946 294 988 i.
328 939 474 1001 HioprImos
484 944 550 988 orius
563 939 592 986 C.
601 955 629 1002 p.
640 939 758 987 ulterioris
774 939 798 988 V.
809 955 831 988 r.
843 942 893 1001 nj}
904 956 925 988 o.
935 940 965 989 L.
974 940 1005 989 E.
1016 956 1036 990 e.
1044 958 1163 1006 pepp.
1173 943 1201 991 C.
1211 943 1244 994 E.

246 1021 267 1054 s.
279 1004 368 1068 triplici
379 1006 404 1066 s.
416 1019 434 1052 n
449 1002 497 1066 ll.]
517 1003 577 1052 Tres
587 1003 676 1052 iterum
687 1018 772 1052 versus
788 1020 818 1052 ex
835 1005 1013 1068 Monuscripto.
1046 1007 1103 1056 Duo
1116 1017 1245 1070 sequentes

247 1069 281 1118 its
301 1077 359 1118 sunt
377 1069 403 1116 in
422 1067 542 1132 vulgetis:
562 1071 610 1116 HIe
622 1070 713 1132 primos
724 1075 791 1118 orius
809 1069 893 1118 Crater
906 1073 995 1132 ponit
1011 1071 1139 1129 ulterioris,
1150 1072 1244 1122 Voealis

246 1141 322 1183 rostro
337 1135 405 1183 Corui
415 1149 491 1196 super,
507 1132 638 1197 ilydroque
649 1131 717 1182 lucei.
753 1134 850 1182 Deinde
861 1135 903 1182 ulii
914 1135 962 1182 duo
974 1135 1004 1183 sd
1015 1135 1081 1184 huno
1089 1138 1245 1186 esterismum

247 1200 396 1262 pertinentes
406 1199 432 1246 in
444 1198 608 1261 manuscripto
618 1205 760 1260 sequuntur,
773 1213 834 1260 quos
843 1214 928 1247 omnes
936 1201 1067 1248 admodum
1076 1210 1202 1265 corruptos
1210 1203 1245 1251 its

248 1265 444 1314 emendavimus:
461 1264 513 1312 Nee
522 1264 607 1326 pros-sd
617 1263 672 1311 hino
681 1263 767 1325 lsydros
774 1263 885 1323 miltun,
894 1268 933 1322 dc.
942 1265 977 1312 uti
987 1280 1052 1312 nuno
1062 1267 1168 1329 expressi
1179 1275 1244 1316 sunt.

247 1329 344 1377 Confer.
352 1344 409 1376 eum
420 1330 502 1376 Arato.
526 1327 640 1390 Hydrum
652 1335 729 1386 voest,
740 1336 768 1377 ut
777 1336 802 1376 et
810 1329 918 1392 Capella,
931 1344 1003 1391 quem
1011 1329 1103 1378 Aratus
1115 1327 1203 1395 iidpnv,
1216 1339 1245 1381 ut

248 1400 273 1443 et
285 1394 327 1442 slii
340 1393 436 1442 Latini:
455 1408 510 1455 quse
523 1393 606 1440 dubito
616 1407 648 1440 sn
658 1401 723 1441 recte
735 1393 872 1442 distinxerit
890 1394 1007 1454 Isidorus,
1025 1396 1095 1456 eujus
1113 1398 1186 1445 verbs
1203 1398 1243 1445 sd-

248 1460 350 1508 dueum:
368 1458 465 1521 Hydros
477 1458 593 1522 aquatilis
608 1473 709 1520 mrpesss,
725 1473 740 1505 o
760 1474 807 1521 qno
823 1461 865 1506 leli
883 1458 1051 1522 oiturpescuni.
1069 1459 1136 1521 euim
1147 1461 1245 1524 quidem

247 1523 354 1572 morbum
366 1524 443 1571 Boom
453 1525 542 1581 dieunt,
560 1537 587 1570 eo
598 1524 662 1585 quod
665 1524 730 1584 fimo
741 1522 805 1571 bovis
814 1524 962 1572 remedietur.
999 1524 1084 1586 Hydra
1096 1525 1168 1574 droco
1179 1525 1241 1574 mul-

248 1595 327 1638 iorum
337 1592 449 1650 sopitum,
466 1589 544 1650 qualis
556 1588 610 1648 suit
626 1590 653 1634 iss
669 1587 746 1634 lemn
755 1588 846 1650 palude
856 1589 972 1636 Arcadio.
988 1589 1036 1637 lsoee
1048 1590 1136 1637 utino
1145 1589 1245 1639 Exedra

250 1653 324 1717 (lege,
337 1653 442 1714 excetra)
453 1653 549 1710 dicitur,
561 1653 623 1715 quod
632 1667 679 1700 uso
689 1656 765 1715 eapite
776 1668 832 1701 esso
843 1655 891 1701 irio
901 1660 1042 1701 esmeseont.
1067 1654 1107 1702 De
1119 1655 1171 1703 Bos
1180 1656 1245 1718 quod

248 1719 291 1778 sit,
304 1718 408 1766 fulsum:
426 1733 484 1766 num
502 1717 554 1780 ipse
572 1715 673 1780 Hydrus
692 1717 744 1765 Bos
762 1717 849 1777 dietus,
866 1719 932 1780 quod
948 1718 1023 1766 boum
1039 1718 1102 1766 laete
1113 1719 1198 1778 alatur,
1219 1728 1245 1770 et

247 1783 305 1832 inde
316 1783 422 1840 morbus,
434 1782 499 1845 quod
511 1797 540 1830 ex
551 1796 579 1829 eo
591 1789 707 1844 tanusm
719 1797 749 1830 ex
761 1783 813 1830 bose
821 1797 905 1831 morsu
913 1783 1103 1846 eorpuspapulis
1112 1791 1243 1846 turgescat.

250 1847 332 1896 Habet
350 1855 432 1896 tumen
450 1847 558 1896 isidorus
570 1853 680 1894 sutorem
691 1862 764 1894 suum
775 1847 893 1896 Plinium.
928 1847 975 1895 Sed
985 1863 1031 1910 ego
1042 1847 1123 1896 Plinio
1135 1848 1245 1898 Plinium

249 1913 368 1975 objicism.
403 1912 469 1960 Nem
479 1913 501 1960 is
512 1912 565 1974 ipse
575 1911 600 1958 id
611 1911 677 1973 quod
687 1911 717 1959 de
728 1912 819 1960 bubulo
830 1911 893 1960 lacte
904 1912 962 1970 dixi,
979 1918 1004 1960 et
1014 1913 1169 1976 etymologis,
1185 1929 1244 1963 con·
1265 1925 1277 1938 ··

248 1977 330 2026 firmat
341 1977 402 2026 libro
412 1976 489 2025 VIII.
501 1992 553 2039 esp.
568 1976 605 2032 14,
616 1975 658 2024 ubi
670 1977 743 2024 etism
756 1977 868 2035 ostendit,
878 1977 950 2025 bosm
961 1977 986 2024 in
994 1977 1140 2026 immensam
1150 1979 1245 2040 magni·

250 2043 361 2092 tudinem
381 2056 526 2090 excrescere.
561 2040 628 2102 Ergo
648 2041 701 2088 Boo
720 2047 745 2089 et
763 2049 856 2090 escures
867 2041 941 2090 idem.
958 2043 1097 2090 neominus
1108 2042 1209 2105 Hydrus
1220 2051 1244 2091 et

251 2106 348 2184 Hydra.
381 2108 429 2155 Sed
445 2115 473 2156 ut
491 2106 522 2184 sd
533 2105 716 2182 Ι(ιίιιιιιειιὶοιιιιι
734 2113 892 2182 revertamur,
909 2121 953 2170 pro
970 2109 1048 2154 teletis
1066 2107 1179 2156 substitui
1196 2111 1244 2156 nio

246 2171 446 2312 33οῑ3·
472 2169 575 2294 sinii,
587 2168 1020 2299 suessanensis.
1030 2171 1244 2229 n...

249 2300 321 2414 iiii
331 2298 1244 2428 31331333ἷῖ3..ῗέἴὲζῗ.ἵέ”.1ἴῖἷῗ.1.“ἓέιὲἔὲῗξίἓέὲῗῗ

248 2427 920 2559 iniussndiluemini·
943 2431 1031 2544 osu
1054 2430 1165 2495 ...n
1179 2432 1208 2480 ι
1219 2447 1243 2496 ⁸·

281 2562 338 2613 427.
360 2561 461 2620 Praetu]
475 2563 504 2609 de
515 2576 539 2623 g.
551 2559 613 2620 conj.
625 2558 662 2606 sb.
678 2563 768 2607 iratius
779 2559 943 2623 Eun-ou.

281 2628 338 2676 428.
358 2628 437 2688 Capiti
449 2626 480 2674 E.
497 2622 584 2687 (Ibid)
602 2622 661 2681 iria]
672 2623 701 2670 de
712 2639 736 2686 g.
748 2626 811 2686 conj.
825 2626 861 2673 sb.
878 2628 958 2673 trisis'o
969 2624 1133 2687 uun-ou.
1152 2634 1156 2642 '

281 2692 337 2740 429.
358 2690 453 2753 Crater]
466 2690 568 2738 Ovidius
579 2689 665 2736 Festos
672 2687 709 2739 11.
718 2691 773 2749 243,
787 2689 932 2738 Contionum
942 2691 992 2738 loco
1003 2693 1050 2737 tria
1057 2690 1143 2749 sideru
1154 2689 1244 2738 Coruus

249 2760 274 2803 et
290 2759 383 2833 eloquis
400 2755 437 2802 Et
453 2757 544 2832 resedisse
566 2755 652 2802 Crater
670 2755 733 2802 inser
750 2761 876 2818 utrumque
887 2756 961 2818 jacet.
996 2753 1081 2802 Crater
1098 2754 1138 2801 hie
1161 2755 1243 2802 Liberi

248 2827 324 2898 potus
335 2837 395 2877 esse,
414 2827 438 2868 et
449 2835 542 2868 surmus
553 2819 615 2867 eoelo
627 2817 784 2866 descensurae
801 2819 859 2882 hyle
875 2819 993 2868 inebriare
1005 2819 1101 2866 videtur
1117 2819 1243 2867 Macrobio

247 2901 274 2934 ιιι
287 2885 370 2936 Somn.
381 2885 444 2948 Seip.
455 2886 499 2933 lib.
511 2885 532 2933 Ι.
544 2899 565 2932 o.
575 2886 613 2931 12.
646 2880 710 2930 Aliis
720 2883 843 2946 Apollinis
854 2883 970 2946 poculum
981 2898 1034 2931 esse
1044 2889 1150 2945 putatur.
1180 2884 1242 2932 Eru-

248 2951 322 3001 iosth.
335 2957 381 3000 ost.
394 2947 678 3020 41.-8011.-Husc
685 2949 776 3010 primos
785 2947 871 3011 inrisu]
884 2948 914 2996 de
924 2964 950 3011 g.
961 2949 1027 3011 eonj.
1039 2949 1073 2996 sb.
1094 2947 1145 2995 Hie
1152 2952 1242 3011 primos

248 3022 313 3064 oritis
326 3016 394 3078 GPg.
420 3015 469 3064 HIo
477 3018 558 3076 primo
568 3019 602 3060 esi
612 3015 678 3060 orlus
688 3011 721 3061 E.
740 3012 789 3060 His
795 3017 875 3075 primo
886 3020 951 3061 orius
962 3015 993 3061 A.
1019 3013 1069 3075 (De
1081 3015 1107 3061 F.
1124 3028 1173 3060 non
1185 3014 1243 3061 satis

247 3087 349 3141 constet,
357 3080 404 3127 nisi
411 3080 476 3142 quod
483 3080 556 3127 hsbet
564 3079 585 3126 is
594 3089 704 3141 quoque:
716 3078 775 3137 lss'o.)
785 3080 907 3126 ulterIors's
914 3077 1031 3140 AGFPg.
1041 3077 1101 3139 (non
1110 3077 1242 3137 E.)-0R.

279 3147 336 3194 430.
353 3145 435 3193 Voeoli
445 3151 520 3193 rostro
534 3141 637 3204 Coronos]
658 3142 765 3202 Apollini
783 3157 859 3201 ssoer,
876 3149 973 3206 propter
990 3142 1110 3190 runcinis.
1145 3142 1240 3191 Plinius

246 3210 279 3260 X.
292 3227 313 3259 o„
327 3212 364 3270 1²,
379 3210 450 3258 Corvi
461 3213 486 3257 in
497 3212 609 3272 auspiciis
619 3205 664 3255 soii
676 3209 785 3256 videniur
795 3209 938 3257 uetustum
949 3205 1033 3255 lsoiere
1042 3209 1242 3270 siqnifieois‘onum

245 3291 351 3334 mmm,
370 3279 407 3333 sss.
442 3273 535 3338 Capell.
555 3273 585 3321 V.
605 3289 629 3335 p.
651 3271 697 3319 130
715 3280 739 3321 et
760 3272 806 3320 IX.
825 3288 849 3334 p.
869 3274 926 3322 303.
961 3271 1085 3320 Eratosth.
1106 3272 1197 3320 Cstsst.
1209 3273 1239 3320 41

246 3347 342 3389 enarrat
359 3354 465 3398 oausam,
483 3354 527 3387 our
543 3339 568 3386 in
585 3336 647 3386 ooelo
665 3338 784 3400 repositus
797 3337 841 3384 sits
860 3337 924 3384 Item
944 3337 1046 3384 Ovidius
1064 3337 1130 3385 Fest.
1143 3336 1181 3383 II.
1194 3338 1240 3384 243

244 3401 581 3468 seqq.-SCH.-Voooli]
603 3402 730 3479 IIIIGgsb.
754 3402 848 3450 Vocolis
871 3402 920 3449 FP.
943 3401 1027 3463 (Ibid)
1055 3416 1139 3450 eureus
1154 3402 1240 3462 sorot5

245 3467 980 3598 intulisti..iiiiiieiiiiniiffli
987 3467 1165 3580 diffloim
1184 3467 1240 3525 ‘'¹⁶'’

277 3602 333 3648 431.
351 3603 410 3647 Ilaee
428 3599 510 3646 omnia
528 3614 542 3645 s
559 3614 581 3646 v.
592 3599 638 3645 431
657 3612 734 3660 usqne
751 3597 781 3645 sd
799 3596 895 3658 Frsgm.
906 3596 1034 3658 Prognost.
1046 3596 1082 3643 11.
1100 3594 1240 3646 AEsiersum

244 3667 308 3714 uenit
316 3665 404 3713 absunt
415 3680 429 3712 a
441 3665 485 3712 Cd.
498 3664 526 3711 F.
539 3670 564 3710 et
574 3662 621 3710 Ed.
635 3662 755 3724 Principe.
788 3661 886 3708 Primus
896 3661 973 3710 edidit
989 3660 1105 3708 Grotius:
1124 3676 1140 3708 o.
1151 3660 1196 3709 Cd.
1209 3664 1239 3709 Α.

246 3730 335 3778 absunt
345 3730 369 3778 h.
383 3729 399 3777 l.
412 3745 449 3777 vv.
462 3743 505 3776 sex
514 3729 571 3785 431,
582 3729 638 3781 432.
651 3733 675 3776 et
685 3726 894 3775 434430-011.

276 3796 333 3843 432.
351 3791 461 3857 Hydros]
481 3793 578 3841 Servius
595 3791 626 3838 sd
645 3792 686 3840 lib.
708 3791 729 3839 I.
752 3791 841 3852 Georg.
860 3805 884 3839 v.
896 3791 952 3839 210.
979 3789 1240 3852 Trossuuionpuess'ss

242 3861 314 3908 ooelo:
328 3875 390 3907 onus
400 3861 443 3922 qui
453 3859 479 3906 in
489 3861 644 3921 septentrione
654 3863 696 3915 est,
712 3857 775 3904 alter
787 3855 912 3918 Oplss'uolss',
929 3857 1013 3904 tertius
1022 3855 1143 3914 australis,
1155 3857 1183 3901 in
1194 3869 1240 3915 quo

242 3931 297 3973 suni
309 3932 386 3972 maier
402 3930 425 3972 et
441 3939 530 3982 corvus,
547 3923 575 3970 de
587 3937 633 3985 quo
643 3937 705 3969 nono
711 3924 810 3984 proprie
819 3924 856 3969 oit
866 3919 963 3983 Anguis
973 3938 979 3967 e
996 3936 1052 3969 nom
1064 3917 1141 3982 lsydro
1152 3919 1240 3966 dicitur

240 4005 322 4051 proce.
347 3994 371 4036 ei
387 3992 472 4037 seimus
490 4002 576 4050 osspues
597 4001 779 4050 squammosus,
799 3991 914 4048 serpentes
935 3983 1239 4035 tetrorum-8011.—

246 4052 372 4117 Teipls'cs's]
385 4054 414 4102 de
425 4069 449 4116 g.
461 4053 525 4115 oouj.
538 4051 574 4100 sb.
591 4053 682 4115 triplici
693 4048 859 4113 Eup-ou.
