2868 4848
214 517 280 572 xviii
568 533 692 570 sssnrcrr
707 531 743 570 us
756 531 866 570 cassas

215 663 311 718 mentis
329 661 445 786 Augpsti
465 663 552 733 nepoti
569 661 739 716 vindicantur
755 678 772 716 a
789 661 868 733 casp.
881 659 992 716 Barthio
1004 661 1111 716 Advers.
1122 661 1159 716 X.
1171 665 1217 728 21,

215 735 260 788 cui
274 735 362 816 junge
399 734 528 818 'urmanni
545 732 581 786 ad
599 732 725 786 manum
736 741 812 786 notae
823 751 848 804 p.
863 735 904 799 10,
921 732 1002 788 etct.
1013 730 1170 799 Mulierum,
1187 734 1217 785 in

216 801 662 928 Aplllsserlglrdffizgffilicffiffie}
674 801 844 943 {ciffum
854 871 996 927 editionem
1006 872 1135 927 innuebat
1143 873 1216 928 idem

217 943 351 1010 Bartbius,
371 961 435 998 cum
456 943 636 998 Bononienses
651 945 817 997 membranas
835 943 975 1012 allegabat,
992 943 1039 996 lib.
1061 947 1106 1010 47,
1124 961 1148 997 c.
1172 949 1217 998 18.

218 1014 286 1069 Inde
297 1014 414 1068 Venetiis
425 1031 459 1068 ex
471 1013 533 1068 Aldi
545 1013 658 1080 officina,
668 1021 696 1068 et
706 1013 768 1084 plus
779 1014 836 1068 vice
848 1013 961 1098 simplici
972 1013 1093 1080 Basileu,
1104 1021 1132 1068 et
1142 1013 1218 1068 Pari-

216 1086 262 1138 siis
276 1088 351 1138 loos.
363 1089 388 1138 4.
401 1100 442 1154 ap.
455 1083 529 1138 Guil.
541 1083 695 1150 Metellum,
712 1101 775 1138 cum
790 1084 1014 1152 castigationibus.
1052 1083 1142 1137 Etiam
1153 1103 1217 1138 cum

218 1155 319 1222 Proclo‚
340 1155 443 1236 leontii
462 1171 474 1208 s
491 1154 570 1221 hasra,
588 1155 669 1208 Arato
687 1155 752 1224 ipso,
770 1154 969 1224 Metaphrnseos
979 1170 997 1207 a
1008 1153 1134 1208 Cicerone
1145 1171 1218 1208 ccm-

218 1225 308 1296 poeitre
320 1225 446 1294 reliquiis,
458 1172 525 1278 lfao
537 1225 608 1279 Festi
619 1223 713 1278 Avieni
728 1223 901 1308 Metaphrasi,
911 1232 939 1279 et
949 1225 1065 1295 antiqsw,
1077 1225 1124 1295 qui
1135 1226 1218 1296 vulgo

217 1313 234 1348 a
251 1296 374 1379 pellatur,
392 1292 717 1378 GemmniciIScbcliaste*
734 1295 764 1347 in
782 1295 874 1350 Srcilin
884 1302 993 1365 reperto,
1011 1302 1039 1349 et
1054 1296 1089 1348 ab
1106 1294 1180 1379 Aldo'
1191 1303 1220 1350 et

219 1364 1218 1506 sutihrtrttltournuuruniterentur

218 1506 322 1573 omisso,
338 1507 367 1558 in
387 1506 558 1576 Syntagmnte
569 1507 732 1572 Arateornm,
750 1505 823 1588 quod
839 1505 895 1560 Jos.
908 1505 1035 1628 Scaliperi
1046 1505 1130 1559 ductu
1141 1453 1219 1559 ador-

219 1578 292 1630 navit
303 1577 425 1646 uotisque
435 1575 577 1631 illustravit
596 1575 677 1646 Hupo
691 1574 808 1642 Gratim,
827 1581 886 1630 tum
902 1575 980 1628 admo
1058 1575 1219 1642 adolescens,

220 1647 306 1716 Lugd.
319 1647 380 1701 But
401 1650 506 1700 1600-4.
543 1646 618 1700 Huic
628 1646 737 1700 editirmi
767 1654 881 1701 uantum
891 1646 1013 1700 tribuerit
1022 1646 1041 1699 J
1043 1663 1079 1700 os.
1092 1646 1218 1716 Scaliger,

218 1735 252 1800 ex
272 1734 303 1799 eo
322 1725 403 1789 patet,
421 1718 502 1787 quod,
517 1735 581 1840 lclunr
592 1715 731 1840 Jots.rirl.ided
765 1715 1111 1840 ouvemffipelleteditionelplr
1118 1733 1220 1840 pplvam

174 1883 180 1892 ·
219 1790 567 1928 llllmtpiullr'liuisffiazuode
573 1804 665 1910 rrigllior
680 1793 988 1910 ‘lirdtieffittieripirsdnp
1000 1790 1077 1911 Q,
1114 1857 1149 1910 In
1160 1804 1220 1911 effi

219 1876 342 1993 stitione,
379 1934 454 1982 raeter
473 1945 563 1982 versus
582 1929 686 1997 aliquos
705 1927 834 1982 hactenus
855 1926 968 1981 ineditos
1017 1927 1164 1994 'ammaim
1184 1943 1220 1981 ex

219 1999 299 2052 veteri
378 2001 434 2066 ce,†
451 1998 533 2051 literis
552 1997 683 2052 Romanis
704 1998 862 2068 capitalibus
885 2004 999 2064 exarato,
1021 2013 1137 2067 querna
1159 1998 1218 2052 Jac.

220 2069 298 2122 Susio
317 2067 426 2122 Grotius
445 2076 588 2138 acceperat,
608 2069 709 2138 quique
719 2075 811 2138 postca
829 2069 857 2120 in
879 2067 1071 2121 Bibliothecam
1082 2068 1120 2121 Is.
1131 2068 1220 2121 Vossii

219 2140 345 2209 pervenit,
362 2144 529 2220 accesserunt
539 2138 629 2192 formis
641 2140 719 2192 aneis
730 2155 858 2222 expressas
869 2138 999 2220 imagines
1016 2137 1118 2221 XlrIV.
1130 2140 1220 2209 signo-

220 2225 280 2262 rum
289 2209 452 2275 coelestrum;
463 2216 512 2262 etsr
520 2217 576 2263 toto
583 2209 649 2262 coelo
657 2225 702 2262 eas
711 2225 806 2278 saepius
814 2209 933 2262 aberrare
941 2225 1005 2278 rpse,
1013 2225 1061 2278 qur
1069 2208 1220 2279 vulgandas

218 2281 330 2402 titii
340 2277 774 2420 institituit?
779 2279 1220 2420 intermittitis

245 2467 257 2493 ¹·
272 2467 336 2508 Aldus
344 2468 528 2510 edidithoctitulo:
541 2468 670 2518 Fragmenta
676 2467 738 2506 Arari
743 2467 892 2526 plroersomencs
896 2478 936 2517 per
946 2467 1092 2508 Germanicam
1100 2467 1124 2507 ia
1132 2467 1221 2507 latinum

220 2518 276 2557 cersi
284 2530 330 2556 curn
337 2523 447 2558 commento
455 2519 479 2558 in
485 2517 561 2556 Sicilia
566 2521 654 2568 reperto.
677 2517 761 2566 Proprie
769 2527 817 2556 vero
825 2517 871 2566 hoo,
883 2517 940 2567 quud
948 2521 1014 2567 vocat,
1026 2522 1168 2557 commentum
1176 2529 1221 2558 non

220 2572 252 2607 est
265 2568 424 2608 commentarius
438 2568 462 2607 in
475 2568 534 2607 Arati
548 2565 698 2616 Metaphrasin,
712 2567 767 2606 unde
779 2567 809 2606 Β.
820 2566 905 2606 Grotius
917 2567 970 2606 illud
982 2572 1083 2617 tauquam
1095 2568 1188 2607 alienum
1196 2567 1220 2606 in

221 2618 300 2657 Arateis
308 2618 352 2657 suis
360 2618 499 2667 pretermisit:
513 2617 549 2656 sed
560 2623 586 2657 ut
596 2617 610 2656 J
611 2628 657 2656 can.
666 2617 736 2656 Fellus
745 2615 868 2656 Oxonieusis
877 2617 993 2666 Episcopus
1000 2617 1024 2656 in
1031 2629 1070 2657 sua
1077 2617 1221 2658 Eratosthenis

218 2667 308 2707 editione
315 2669 400 2716 pulchre
407 2667 529 2716 observavit,
541 2667 610 2706 latina
616 2666 683 2706 versic
692 2666 880 2706 commemorem
888 2666 1040 2715 Eratosthenis,
1052 2667 1128 2707 additis
1133 2667 1221 2716 quibus-

220 2719 268 2756 darn
276 2717 375 2766 excerptis
382 2729 393 2756 s
400 2717 484 2768 Nigidii
514 2717 517 2724 '
533 2717 562 2755 nli
570 2717 651 2766 sphera
658 2717 786 2764 Graecmrica,
798 2721 818 2756 et
825 2716 971 2755 recentioribus
979 2716 1105 2764 quibusdam
1118 2729 1130 2756 e
1144 2716 1222 2766 Plinio,

221 2767 330 2817 Fulgentio
344 2767 460 2816 Planciade,
473 2772 494 2806 et
522 2766 590 2806 sidero
603 2766 628 2805 de
641 2770 717 2806 natura
730 2777 800 2805 rerum
814 2766 945 2805 assumentis.
970 2767 1076 2807 Persuasit
1091 2765 1129 2806 sibi
1145 2777 1221 2815 nempe

221 2817 291 2856 reum
298 2818 468 2856 commentarium
476 2817 540 2856 istum
554 2815 690 2876 (quicquidS
724 2816 729 2826 '
755 2815 853 2864 raliique
867 2815 907 2854 viri
919 2815 973 2855 docti
981 2815 1041 2856 aliter
1048 2817 1157 2867 senserint)
1170 2817 1222 2856 Gen

221 2867 299 2906 manici
306 2867 372 2915 ipsius
380 2879 424 2906 esse
432 2867 495 2917 (quod
504 2872 524 2906 et
532 2866 640 2915 Pohtiano,
648 2877 666 2904 c.
675 2866 707 2904 ³8.
757 2866 794 2904 isc.
807 2870 828 2905 et
839 2865 925 2904 Barthio
938 2865 1017 2914 pridem
1030 2865 1108 2918 visum)
1120 2868 1146 2906 ab
1154 2877 1221 2914 eoque

220 2928 264 2955 non
272 2917 358 2956 Aratum
365 2917 433 2964 modo,
442 2917 477 2956 sed
485 2921 506 2955 et
512 2917 668 2956 Eratosthenem
675 2915 799 2954 hunslatum
807 2926 850 2953 esse
857 2916 928 2954 latine.
953 2916 1025 2964 Neque
1033 2917 1088 2955 hano
1096 2916 1221 2955 sententiam

220 2972 303 3006 tantum
319 2967 440 3018 conjecturis
451 2965 498 3014 niti,
511 2967 567 3015 quod
579 2969 602 3006 in
619 2965 682 3005 veteri
694 2965 743 3004 ΜΙ.
757 2965 875 3014 exemplari,
889 2965 1004 3014 qucdolim
1016 2965 1039 3004 in
1052 2965 1124 3004 Sicilia
1131 2965 1221 3005 traditur

221 3021 330 3064 repertum,
342 3028 380 3054 nec
389 3028 432 3056 non
441 3017 505 3056 altero
512 3016 574 3055 veteri
582 3016 675 3063 exemplo
688 3015 772 3065 collegii
784 3015 896 3054 Etoneusis
908 3015 967 3065 Regii
975 3015 1057 3064 utrique
1065 3015 1129 3054 simul
1137 3026 1220 3064 compa-

221 3071 287 3115 reant,
299 3071 337 3106 aut
349 3067 405 3114 quod
417 3066 527 3105 restrictior
539 3067 645 3105 stellarum
657 3065 680 3104 in
694 3065 782 3115 singulis
794 3064 907 3104 esterismis
919 3076 1018 3104 numerus
1031 3077 1100 3104 sevum
1112 3064 1221 3114 profitetur

222 3117 294 3155 saltem
302 3115 388 3156 Claudio
397 3116 507 3155 Prolemaeo
514 3116 631 3165 antiquius:
644 3114 681 3154 sed
692 3115 823 3154 Lactantium
835 3115 966 3154 Firmianum
973 3116 1013 3154 hoc
1020 3119 1109 3154 mansere
1117 3115 1220 3156 affirmato
1227 3133 1230 3140 r

222 3167 246 3204 L.
254 3165 268 3204 i.
276 3177 293 3205 c.
303 3166 343 3205 XI.
350 3166 387 3206 ubi
395 3165 482 3205 cresens
497 3166 583 3205 Aratum
597 3165 685 3206 laudans
694 3165 730 3205 illa
738 3165 784 3214 ipsa
791 3163 852 3204 refert
859 3166 927 3212 verba,
940 3175 987 3214 quse
994 3165 1017 3204 in
1025 3165 1171 3204 commentario
1178 3165 1220 3204 isto

222 3216 297 3264 pariter
312 3223 332 3254 et
344 3215 367 3255 in
381 3217 454 3255 Gracc
466 3216 602 3256 Eratosthene
617 3213 751 3264 reperiuntur.
777 3214 855 3258 Quales
872 3219 943 3254 tamen
956 3214 1017 3254 hodie
1032 3214 1064 3254 illi
1077 3214 1220 3254 commentarii

221 3265 325 3315 leguntur,
333 3265 370 3314 qui
378 3268 464 3314 possunt
472 3265 619 3305 Germanicum
626 3275 735 3314 agnoscere
743 3268 854 3313 auctorem,
866 3275 915 3304 cum
927 3264 954 3304 ad
966 3264 1100 3314 Prognostica
1107 3265 1220 3304 laudentur

221 3315 245 3355 hi
253 3327 323 3354 versus
331 3314 438 3355 Prudentii
445 3325 471 3354 ex
479 3315 515 3355 lib.
524 3315 542 3354 1.
551 3315 575 3354 ιιι
583 3314 740 3364 Symmachum,
746 3325 792 3364 pag.
800 3313 845 3352 365.

447 3365 542 3414 Denique
548 3377 597 3404 cum
604 3364 656 3404 tuns
662 3368 700 3413 est,
708 3363 807 3403 sublustri
814 3362 906 3412 splendet
913 3362 998 3414 amictu,

447 3416 501 3454 Cum
509 3415 615 3454 subcincta
618 3414 676 3464 juvit
684 3415 780 3462 emamus,
788 3413 869 3452 Latinis
876 3413 939 3462 Virgo
947 3419 984 3453 est

223 3463 296 3513 ltaque
304 3467 357 3504 recte
364 3464 386 3504 id
394 3464 477 3515 negavit
483 3464 516 3504 Jo.
525 3465 630 3504 Menenius
638 3464 732 3513 Epistola
743 3465 770 3503 ad
782 3463 868 3502 Justum
875 3462 977 3522 Lipsiurn,
985 3464 1011 3504 Τ,
1018 3463 1038 3503 2.
1065 3461 1159 3513 Sylloges
1167 3463 1222 3503 Bur·

223 3514 350 3562 marinianae,
358 3527 378 3563 p.
386 3513 418 3552 36.
444 3515 476 3554 Μ.
486 3514 576 3554 Antonio
585 3514 679 3554 Delrionl
686 3519 757 3553 auctor
769 3513 911 3552 commentarii
919 3513 1025 3560 prasentia
1033 3517 1119 3552 vocamr
1133 3511 1223 3564 Calpur-

221 3565 269 3603 nius
277 3565 364 3612 Bassia,
375 3563 422 3603 aliis
432 3563 516 3603 Caesius
523 3565 601 3604 Bassia
609 3564 687 3604 incerta
694 3565 754 3612 plane
762 3563 885 3614 conjectura
911 3563 971 3612 casp.
979 3563 1079 3603 Barthius
1086 3564 1222 3614 fulgentium

221 3613 365 3662 suspicabatur·
372 3613 479 3654 incertiore
486 3614 548 3654 ctiam
557 3614 688 3654 divinadone.
715 3615 807 3652 Thomas
820 3613 949 3652 Munclrerus
956 3613 980 3652 in
989 3613 1129 3652 dissertatione
1137 3613 1162 3652 de
1170 3624 1220 3652 auc·

223 3669 266 3703 tore
279 3663 421 3714 Mythologiae,
435 3675 482 3712 quar
494 3667 533 3703 sub
546 3665 625 3714 Hygini
639 3663 722 3703 nomine
737 3663 837 3710 ambulat,
849 3663 910 3702 refert
917 3673 939 3702 se
947 3663 970 3702 iu
977 3663 1099 3712 pervetustis
1111 3663 1222 3703 maanes

221 3713 352 3753 Bibliotheca
366 3714 491 3754 membranis
507 3717 627 3754 Arateorum
642 3713 761 3753 (ier-manici
776 3712 900 3753 scholiastes
916 3713 1073 3762 deprehendisse
1089 3711 1179 3751 latinum
1195 3713 1222 3751 ab

221 3763 276 3802 edito
284 3763 454 3814 satisdiversum,
469 3764 505 3803 sed
516 3776 564 3803 curn
575 3763 622 3814 jam
634 3763 791 3802 describendum
798 3774 847 3802 eum
856 3763 895 3801 sibi
907 3763 1055 3812 proposuisset,
1066 3761 1223 3812 deprehendisse

223 3814 285 3860 paulo
298 3817 350 3862 post,
362 3825 406 3852 esse
419 3815 492 3853 areca
506 3813 529 3852 ιιι
544 3814 630 3853 Aratum
644 3814 722 3853 scholia
735 3813 836 3852 latinitate
849 3812 932 3852 donata.
959 3813 1018 3852 Idem
1030 3813 1068 3851 Vir
1079 3811 1163 3851 Clarias.
1176 3812 1224 3850 loca

222 3864 328 3912 complura
342 3863 456 3903 scholiasta
469 3875 531 3912 quem
544 3870 618 3903 vocant
630 3863 748 3903 Germanici
756 3861 838 3902 sanavit
845 3874 888 3901 non
896 3861 1004 3903 infeliciter
1010 3863 1033 3902 ιιι
1041 3862 1096 3902 uotis
1105 3861 1131 3901 sd
1139 3862 1224 3910 Mytho-

221 3913 398 4002 paphosllptippp.
420 3913 513 4002 Iudlipem
521 3919 627 3953 auctorum
635 3913 657 3952 in
665 3915 705 3953 hoc
713 3912 859 3953 commentario
867 3913 1002 3962 allegatcrum
1011 3912 1057 3952 dedi
1065 3911 1088 3953 in
1096 3911 1224 3952 Bibliotheca

241 3973 293 4001 raecn
316 3977 322 4002 ι
338 3991 343 4000 .
389 3975 426 4003 .ca
441 3993 446 4002 .
482 3997 484 4002 .

247 4012 260 4050 ι
269 3991 347 4052 Mdntio
354 4013 418 4065 hujus
426 3975 505 4054 geticis
514 4013 569 4063 apud
576 4013 621 4054 Jos.
628 4013 751 4064 caligarum,
760 4012 825 4062 Epist.
834 4021 898 4053 xxxx.
