2868 4848
247 538 286 602 12
648 555 843 600 susurrum

244 695 446 763 Centaurum
460 696 564 774 lucet;
589 706 693 761 tractu
708 697 795 763 subit
808 697 863 761 ille
878 697 1021 764 Leonem
1034 725 1043 777 3

244 782 396 848 Pervenit
408 783 448 846 ad
465 781 622 847 Cancrum
638 783 741 867 capite
756 794 789 847 et
805 784 866 848 tria
880 785 983 848 sidera
998 787 1113 869 tangit.

245 869 334 933 Huic
348 869 467 954 primos
483 878 586 932 tortus
603 869 715 932 Crater
730 870 858 955 premit,
875 870 1042 935 ulteriores

244 953 359 1019 Vocali
373 965 476 1020 rostro
493 954 613 1018 Corvus
628 955 728 1032 forat3
753 956 859 1019 omnia
872 955 991 1034 lucent,
1191 959 1243 1006 430

244 1041 291 1104 Et
308 1041 429 1106 Corvus
442 1039 556 1125 pennis
572 1051 604 1104 et
618 1062 716 1125 parvo
730 1041 871 1126 pondere
889 1041 1012 1119 Crater,

245 1126 292 1191 Et
306 1127 410 1211 spatio
426 1127 559 1211 triplicis
574 1125 727 1190 formatus
743 1126 854 1190 sideris
872 1127 1013 1212 Hydros.

290 1213 359 1276 Sub
376 1212 523 1276 Geminis
540 1211 688 1296 Procyon
701 1212 838 1296 fulgenti
852 1213 973 1276 lumine
991 1213 1103 1297 surgit.
1136 1221 1240 1253 seueros

289 1298 354 1362 Hic
365 1298 443 1362 caelo
453 1307 583 1362 ornatus
595 1297 733 1362 trahitur
744 1310 936 1384 noctemque
950 1299 1099 1383 diemque
1110 1325 1118 1376 ;
1130 1306 1239 1336 »susm

247 1383 322 1448 Sors
338 1407 395 1448 sua
410 1384 525 1468 cuique
542 1384 616 1448 data
630 1394 696 1461 est;
720 1384 818 1448 semel
833 1385 993 1468 assignata
1008 1395 1141 1449 tuentur
1190 1387 1239 1432 455

248 1470 378 1534 Immoti
393 1469 462 1533 loca
477 1492 534 1533 nec
549 1470 644 1553 longo
658 1481 826 1534 mutantur
840 1470 874 1533 in
891 1493 969 1535 aevo.

247 1554 401 1640 Quinque
416 1555 486 1619 aliae
502 1555 603 1619 stellae
618 1555 741 1619 diversa
754 1555 824 1638 lege
839 1556 999 1633 feruntur,

245 1642 292 1706 Et
307 1642 436 1725 proprio
452 1651 543 1705 motu
558 1641 677 1704 mundo
693 1642 852 1705 contraria
866 1642 997 1706 volvunt

247 1726 425 1805 Curricula,
441 1728 667 1810 exceduntque
683 1727 752 1790 loco
768 1737 801 1792 et
815 1727 948 1811 vestigia
962 1739 1099 1792 mutant.

247 1812 348 1877 Haud
363 1813 511 1897 equidem
526 1813 627 1897 possis
638 1813 699 1876 alio
714 1813 900 1896 contingere
917 1814 1019 1896 signo,
1186 1814 1240 1881 445

248 1898 334 1965 Quae
351 1899 428 1962 divis
444 1900 543 1963 sedes.
589 1897 677 1962 Hinc
692 1909 789 1983 atque
804 1898 879 1963 hinc
894 1923 978 1984 saepe
994 1900 1142 1964 videntur

248 1985 387 2049 Occasus
403 1994 567 2068 ortusque.
614 1983 730 2068 Neque
746 1984 908 2048 anfractus
923 1986 1026 2048 brevis
1041 1985 1116 2062 illis,

247 2070 462 2155 Annosasque
477 2071 542 2133 vies
558 2071 666 2134 tardus
681 2071 735 2134 vix
750 2071 875 2154 perficit
891 2071 986 2136 orbis.

248 2155 321 2220 Hoc
336 2178 416 2240 opus
432 2156 553 2220 arcanis
568 2156 594 2218 si
610 2156 735 2220 credam
750 2157 917 2240 postmodo
933 2156 1051 2234 Musis,

247 2243 388 2326 Tempus
404 2242 518 2326 etipse
533 2240 633 2319 labor,
650 2243 816 2326 patiantur
830 2241 908 2320 fata,
924 2243 1062 2323 docebit,
1191 2245 1240 2290 445

293 2327 465 2411 Signorum
479 2339 597 2412 partes,
614 2349 750 2412 quorum
765 2327 920 2412 praedicta
933 2329 1036 2412 figura
1051 2336 1110 2405 est,
1137 2334 1240 2368 5445544·

248 2410 383 2477 Annum
399 2413 559 2498 expleturi
574 2413 754 2498 praecidunt
770 2424 908 2497 quatuor
923 2415 1026 2480 orbes.

249 2499 422 2564 Intervalla
437 2499 533 2562 trium
549 2510 745 2563 transversus
761 2499 889 2582 colligat
903 2523 996 2565 unus.

249 2585 319 2649 Nec
335 2607 393 2669 par
405 2596 453 2649 est
464 2585 526 2648 illis
541 2585 678 2669 spatium
693 2610 700 2662 ;
724 2586 788 2649 duo
803 2607 940 2669 namque
954 2587 1101 2650 feruntur

248 2670 342 2734 Inter
356 2693 389 2734 se
405 2671 562 2755 aequales;
586 2671 660 2749 duo,
678 2693 815 2754 quorum
831 2682 880 2735 est
895 2673 1036 2736 maxima
1049 2672 1169 2749 forma3
1192 2669 1241 2714 455

248 2757 295 2820 Et
310 2757 443 2822 totidem
458 2778 584 2820 rursum
599 2757 760 2842 praedictis
775 2768 849 2822 aute
865 2758 1013 2824 minores.

250 2841 298 2906 Hi
313 2864 437 2926 semper
448 2843 586 2920 distaut;
609 2843 680 2907 illos
695 2843 875 2907 communia
890 2844 982 2927 signa

249 2928 483 3005 Committunt3
508 2950 620 3012 quase
637 2939 784 3012 tangunt,
802 2952 874 3013 pars
889 2951 983 3013 aequa
997 2940 1140 2995 rotarum

250 3013 425 3091 Dividitur,
441 3014 533 3078 binos
549 3025 587 3078 ut
602 3015 628 3078 si
645 3016 701 3098 qui
716 3015 843 3078 desecet
857 3035 959 3080 arcus.

294 3100 465 3164 Dissimilis
477 3100 609 3184 quintus
624 3100 746 3185 liquida
761 3100 820 3165 sub
832 3111 926 3165 nocte
939 3101 1076 3180 videtur,
1083 3110 1184 3144 uersu
1193 3102 1242 3148 455

248 3185 362 3252 Sidera
377 3208 476 3270 quum
491 3186 632 3250 reddunt
647 3187 785 3250 sinceros
800 3188 925 3254 eminus
940 3188 1041 3271 ignes.

250 3271 358 3337 Laetis
374 3273 404 3336 ei
419 3272 514 3350 color,
531 3282 565 3336 et
579 3273 690 3336 mediis
704 3273 755 3337 via
769 3273 855 3337 lucet
869 3274 904 3337 in
919 3275 1050 3341 umbris.

249 3357 387 3423 Lacteus
401 3357 453 3422 hic
468 3359 554 3423 orbis
570 3358 658 3422 nullo
673 3359 777 3422 minor
791 3359 868 3424 orbe
883 3370 1017 3425 rotatur.
1185 3399 1243 3446 [cm.

294 3443 415 3508 Celsior
430 3444 469 3508 ad
486 3445 612 3508 Borean
629 3446 685 3529 qui
700 3447 803 3527 vergit
815 3445 961 3522 circulus
977 3447 1058 3510 altos
1070 3455 1245 3487 reomensem-

250 3532 296 3595 Et
310 3529 435 3614 peragit
450 3541 570 3594 tractus
585 3531 694 3594 vicinis
709 3529 794 3594 haud
808 3531 920 3615 procul
936 3531 1038 3609 Ursis,
1196 3533 1244 3587 455

250 3616 314 3682 Per
329 3615 484 3680 Geminos
500 3617 597 3680 currit
611 3617 743 3693 medios,
759 3617 893 3699 vestigia
905 3618 1009 3701 tangit

251 3703 385 3786 Aurigae
400 3703 606 3786 plantamque
622 3703 698 3766 terit
715 3702 866 3767 Perseida
880 3704 1004 3781 laevam,

249 3789 452 3853 Transversae
469 3788 684 3852 Andromedae
699 3788 800 3853 latera
816 3799 951 3875 utraque
967 3799 1109 3876 persecat
1124 3799 1214 3854 actus

251 3875 297 3939 Et
313 3884 413 3939 totam
429 3875 484 3937 abs
499 3875 633 3938 humero
649 3875 812 3941 dextram:
837 3899 960 3942 summa
976 3878 1096 3961 ungula
1110 3876 1208 3961 pulsu

250 3961 398 4045 †Dividit
412 3970 446 4024 et
461 3959 640 4043 Sagittiferi
654 3963 794 4025 medium
810 3964 952 4047 pernicia
966 3985 1059 4027 crura
1198 3960 1246 4009 465

249 4046 367 4130 lAcris
382 4047 458 4130 equi
472 4046 548 4111 ferit
563 4047 647 4110 orbis
662 4047 740 4112 iter:
765 4059 835 4112 tum
850 4049 1001 4113 candidus
1017 4071 1071 4112 ora
