<?xml version="1.0" encoding="UTF-8"?>
<!DOCTYPE html PUBLIC "-//W3C//DTD XHTML 1.0 Transitional//EN"
    "http://www.w3.org/TR/xhtml1/DTD/xhtml1-transitional.dtd">
<html xmlns="http://www.w3.org/1999/xhtml" xml:lang="en" lang="en">
 <head>
  <title>
</title>
<meta http-equiv="Content-Type" content="text/html;charset=utf-8" />
  <meta name='ocr-system' content='tesseract 3.04.00' />
  <meta name='ocr-capabilities' content='ocr_page ocr_carea ocr_par ocr_line ocrx_word'/>
</head>
<body>
  <div class='ocr_page' id='page_1' title='image "./reliquiquextant00orelgoog_0158.png"; bbox 0 0 2902 4838; ppageno 0'>
   <div class='ocr_carea' id='block_1_1' title="bbox 541 557 1226 607">
    <p class='ocr_par' dir='ltr' id='par_1_1' title="bbox 541 557 1226 607">
     <span class='ocr_line' id='line_1_1' title="bbox 541 557 1226 607; baseline -0.001 0"><span class='ocrx_word' id='word_1_1' title='bbox 541 570 577 607; x_wconf 78' lang='lat' dir='ltr'><strong>an</strong></span> <span class='ocrx_word' id='word_1_2' title='bbox 590 569 768 606; x_wconf 79' lang='lat' dir='ltr'><strong>euauourus</strong></span> <span class='ocrx_word' id='word_1_3' title='bbox 780 569 897 605; x_wconf 77' lang='lat' dir='ltr'><strong>saurus.</strong></span> <span class='ocrx_word' id='word_1_4' title='bbox 1192 557 1226 606; x_wconf 85' lang='lat' dir='ltr'><strong>lix</strong></span> 
     </span>
    </p>
   </div>
   <div class='ocr_carea' id='block_1_2' title="bbox 222 693 1228 4069">
    <p class='ocr_par' dir='ltr' id='par_1_2' title="bbox 222 693 1228 1212">
     <span class='ocr_line' id='line_1_2' title="bbox 222 693 1227 760; baseline 0 -16"><span class='ocrx_word' id='word_1_5' title='bbox 222 694 329 746; x_wconf 83' lang='lat' dir='ltr'><strong>Versum</strong></span> <span class='ocrx_word' id='word_1_6' title='bbox 343 693 460 744; x_wconf 88' lang='lat' dir='ltr'><strong>ultimum</strong></span> <span class='ocrx_word' id='word_1_7' title='bbox 476 695 555 758; x_wconf 89' lang='lat' dir='ltr'><strong>possis</strong></span> <span class='ocrx_word' id='word_1_8' title='bbox 573 695 647 744; x_wconf 86' lang='lat' dir='ltr'><strong>etiam</strong></span> <span class='ocrx_word' id='word_1_9' title='bbox 662 697 709 744; x_wconf 87' lang='lat' dir='ltr'><strong>hoo</strong></span> <span class='ocrx_word' id='word_1_10' title='bbox 720 701 791 760; x_wconf 88' lang='lat' dir='ltr'><strong>pacto</strong></span> <span class='ocrx_word' id='word_1_11' title='bbox 801 695 898 758; x_wconf 79' lang='lat' dir='ltr'><strong>legero:</strong></span> <span class='ocrx_word' id='word_1_12' title='bbox 919 693 1000 744; x_wconf 83' lang='lat' dir='ltr'><strong>Unum</strong></span> <span class='ocrx_word' id='word_1_13' title='bbox 1017 693 1084 744; x_wconf 71' lang='lat' dir='ltr'><strong>Iam</strong></span> <span class='ocrx_word' id='word_1_14' title='bbox 1101 701 1227 759; x_wconf 71' lang='lat' dir='ltr'><strong>utcasusque</strong></span> 
     </span>
     <span class='ocr_line' id='line_1_3' title="bbox 223 759 1226 822; baseline 0 -14"><span class='ocrx_word' id='word_1_15' title='bbox 223 764 285 809; x_wconf 87' lang='lat' dir='ltr'><strong>secai</strong></span> <span class='ocrx_word' id='word_1_16' title='bbox 303 761 414 818; x_wconf 86' lang='lat' dir='ltr'><strong>medium,</strong></span> <span class='ocrx_word' id='word_1_17' title='bbox 433 760 535 820; x_wconf 72' lang='lat' dir='ltr'><strong>delectus</strong></span> <span class='ocrx_word' id='word_1_18' title='bbox 552 761 582 808; x_wconf 88' lang='lat' dir='ltr'><strong>ab</strong></span> <span class='ocrx_word' id='word_1_19' title='bbox 600 761 651 810; x_wconf 83' lang='lat' dir='ltr'><strong>illo.</strong></span> <span class='ocrx_word' id='word_1_20' title='bbox 685 761 721 808; x_wconf 90' lang='lat' dir='ltr'><strong>Ut</strong></span> <span class='ocrx_word' id='word_1_21' title='bbox 732 763 818 808; x_wconf 87' lang='lat' dir='ltr'><strong>mutua</strong></span> <span class='ocrx_word' id='word_1_22' title='bbox 835 761 973 808; x_wconf 85' lang='lat' dir='ltr'><strong>intersectio</strong></span> <span class='ocrx_word' id='word_1_23' title='bbox 986 759 1086 808; x_wconf 88' lang='lat' dir='ltr'><strong>Zodiaci</strong></span> <span class='ocrx_word' id='word_1_24' title='bbox 1097 768 1122 808; x_wconf 89' lang='lat' dir='ltr'><strong>et</strong></span> <span class='ocrx_word' id='word_1_25' title='bbox 1132 759 1226 822; x_wconf 84' lang='lat' dir='ltr'><strong>AEqua-</strong></span> 
     </span>
     <span class='ocr_line' id='line_1_4' title="bbox 224 824 1227 888; baseline 0.001 -15"><span class='ocrx_word' id='word_1_26' title='bbox 224 826 283 874; x_wconf 87' lang='lat' dir='ltr'><strong>toris</strong></span> <span class='ocrx_word' id='word_1_27' title='bbox 298 826 427 874; x_wconf 87' lang='lat' dir='ltr'><strong>indicetur.</strong></span> <span class='ocrx_word' id='word_1_28' title='bbox 445 826 531 873; x_wconf 85' lang='lat' dir='ltr'><strong>Gnor.</strong></span> <span class='ocrx_word' id='word_1_29' title='bbox 567 825 672 882; x_wconf 74' lang='lat' dir='ltr'><strong>Quarum</strong></span> <span class='ocrx_word' id='word_1_30' title='bbox 681 828 707 873; x_wconf 85' lang='lat' dir='ltr'><strong>iu</strong></span> <span class='ocrx_word' id='word_1_31' title='bbox 719 825 849 888; x_wconf 85' lang='lat' dir='ltr'><strong>obliquum,</strong></span> <span class='ocrx_word' id='word_1_32' title='bbox 860 824 911 888; x_wconf 63' lang='lat' dir='ltr'><strong>tta]</strong></span> <span class='ocrx_word' id='word_1_33' title='bbox 930 825 1002 874; x_wconf 90' lang='lat' dir='ltr'><strong>Ovid.</strong></span> <span class='ocrx_word' id='word_1_34' title='bbox 1013 825 1177 886; x_wconf 88' lang='lat' dir='ltr'><strong>Metamorph.</strong></span> <span class='ocrx_word' id='word_1_35' title='bbox 1190 825 1227 875; x_wconf 88' lang='lat'><strong>11.</strong></span> 
     </span>
     <span class='ocr_line' id='line_1_5' title="bbox 226 887 1228 954; baseline 0.002 -16"><span class='ocrx_word' id='word_1_36' title='bbox 226 892 287 939; x_wconf 83' lang='lat'>129:</span> <span class='ocrx_word' id='word_1_37' title='bbox 305 891 356 938; x_wconf 88' lang='lat' dir='ltr'><strong>Nec</strong></span> <span class='ocrx_word' id='word_1_38' title='bbox 368 889 414 938; x_wconf 86' lang='lat' dir='ltr'><strong>tibi</strong></span> <span class='ocrx_word' id='word_1_39' title='bbox 425 891 524 938; x_wconf 80' lang='lat' dir='ltr'><strong>directos</strong></span> <span class='ocrx_word' id='word_1_40' title='bbox 537 890 634 952; x_wconf 80' lang='lat' dir='ltr'><strong>placeat</strong></span> <span class='ocrx_word' id='word_1_41' title='bbox 645 893 685 938; x_wconf 85' lang='lat' dir='ltr'><strong>uia</strong></span> <span class='ocrx_word' id='word_1_42' title='bbox 701 893 804 954; x_wconf 84' lang='lat' dir='ltr'><strong>quiaque</strong></span> <span class='ocrx_word' id='word_1_43' title='bbox 812 906 857 952; x_wconf 80' lang='lat' dir='ltr'><strong>per</strong></span> <span class='ocrx_word' id='word_1_44' title='bbox 867 906 943 938; x_wconf 86' lang='lat' dir='ltr'><strong>orcus.</strong></span> <span class='ocrx_word' id='word_1_45' title='bbox 979 890 1062 938; x_wconf 87' lang='lat' dir='ltr'><strong>Sectus</strong></span> <span class='ocrx_word' id='word_1_46' title='bbox 1072 893 1098 938; x_wconf 88' lang='lat' dir='ltr'><strong>iu</strong></span> <span class='ocrx_word' id='word_1_47' title='bbox 1108 887 1228 953; x_wconf 84' lang='lat' dir='ltr'><strong>obliquum</strong></span> 
     </span>
     <span class='ocr_line' id='line_1_6' title="bbox 224 955 1225 1018; baseline 0.002 -16"><span class='ocrx_word' id='word_1_48' title='bbox 224 961 258 1002; x_wconf 87' lang='lat' dir='ltr'><strong>est</strong></span> <span class='ocrx_word' id='word_1_49' title='bbox 275 957 324 1002; x_wconf 86' lang='lat' dir='ltr'><strong>lato</strong></span> <span class='ocrx_word' id='word_1_50' title='bbox 342 957 477 1002; x_wconf 83' lang='lat' dir='ltr'><strong>curuamine</strong></span> <span class='ocrx_word' id='word_1_51' title='bbox 496 955 569 1002; x_wconf 83' lang='lat' dir='ltr'><strong>limes.</strong></span> <span class='ocrx_word' id='word_1_52' title='bbox 604 955 777 1017; x_wconf 84' lang='lat' dir='ltr'><strong>Zouorumquc</strong></span> <span class='ocrx_word' id='word_1_53' title='bbox 795 958 868 1003; x_wconf 85' lang='lat' dir='ltr'><strong>trium</strong></span> <span class='ocrx_word' id='word_1_54' title='bbox 886 960 1007 1004; x_wconf 82' lang='lat' dir='ltr'><strong>contentus</strong></span> <span class='ocrx_word' id='word_1_55' title='bbox 1018 956 1080 1016; x_wconf 82' lang='lat' dir='ltr'><strong>fine,</strong></span> <span class='ocrx_word' id='word_1_56' title='bbox 1096 956 1225 1018; x_wconf 83' lang='lat' dir='ltr'><strong>potumque</strong></span> 
     </span>
     <span class='ocr_line' id='line_1_7' title="bbox 224 1019 1226 1084; baseline 0 -16"><span class='ocrx_word' id='word_1_57' title='bbox 224 1019 335 1084; x_wconf 78' lang='lat' dir='ltr'><strong>Effuqito</strong></span> <span class='ocrx_word' id='word_1_58' title='bbox 355 1020 491 1076; x_wconf 81' lang='lat' dir='ltr'><strong>australem,</strong></span> <span class='ocrx_word' id='word_1_59' title='bbox 508 1019 665 1082; x_wconf 82' lang='lat' dir='ltr'><strong>junctumque</strong></span> <span class='ocrx_word' id='word_1_60' title='bbox 685 1019 835 1083; x_wconf 76' lang='lat' dir='ltr'><strong>aquilonibus</strong></span> <span class='ocrx_word' id='word_1_61' title='bbox 856 1020 1148 1068; x_wconf 85' lang='lat' dir='ltr'><strong>arctou.-SCH.—iu</strong></span> <span class='ocrx_word' id='word_1_62' title='bbox 1165 1019 1226 1068; x_wconf 86' lang='lat' dir='ltr'><strong>obli-</strong></span> 
     </span>
     <span class='ocr_line' id='line_1_8' title="bbox 225 1083 1227 1148; baseline 0.002 -16"><span class='ocrx_word' id='word_1_63' title='bbox 225 1101 297 1148; x_wconf 85' lang='lat' dir='ltr'><strong>quum</strong></span> <span class='ocrx_word' id='word_1_64' title='bbox 314 1083 373 1146; x_wconf 86' lang='lat' dir='ltr'><strong>tres]</strong></span> <span class='ocrx_word' id='word_1_65' title='bbox 393 1085 422 1131; x_wconf 91' lang='lat' dir='ltr'><strong>de</strong></span> <span class='ocrx_word' id='word_1_66' title='bbox 433 1099 456 1146; x_wconf 84' lang='lat' dir='ltr'><strong>g.</strong></span> <span class='ocrx_word' id='word_1_67' title='bbox 474 1085 536 1146; x_wconf 91' lang='lat' dir='ltr'><strong>conj.</strong></span> <span class='ocrx_word' id='word_1_68' title='bbox 548 1085 583 1132; x_wconf 90' lang='lat' dir='ltr'><strong>sb.</strong></span> <span class='ocrx_word' id='word_1_69' title='bbox 600 1083 756 1146; x_wconf 83' lang='lat' dir='ltr'><strong>inobliquam</strong></span> <span class='ocrx_word' id='word_1_70' title='bbox 774 1091 821 1132; x_wconf 85' lang='lat' dir='ltr'><strong>tres</strong></span> <span class='ocrx_word' id='word_1_71' title='bbox 841 1085 936 1146; x_wconf 80' lang='lat' dir='ltr'><strong>BEGg.</strong></span> <span class='ocrx_word' id='word_1_72' title='bbox 954 1084 1111 1132; x_wconf 80' lang='lat' dir='ltr'><strong>ioblt&#39;cumtris</strong></span> <span class='ocrx_word' id='word_1_73' title='bbox 1124 1084 1181 1146; x_wconf 90' lang='lat' dir='ltr'><strong>(sic)</strong></span> <span class='ocrx_word' id='word_1_74' title='bbox 1194 1085 1227 1135; x_wconf 89' lang='lat' dir='ltr'><strong>A.</strong></span> 
     </span>
     <span class='ocr_line' id='line_1_9' title="bbox 224 1147 1172 1212; baseline -0.001 -15"><span class='ocrx_word' id='word_1_75' title='bbox 224 1148 310 1211; x_wconf 83' lang='lat' dir='ltr'><strong>(ibid.)</strong></span> <span class='ocrx_word' id='word_1_76' title='bbox 327 1147 436 1211; x_wconf 73' lang='lat' dir='ltr'><strong>collique]</strong></span> <span class='ocrx_word' id='word_1_77' title='bbox 454 1149 483 1196; x_wconf 93' lang='lat' dir='ltr'><strong>de</strong></span> <span class='ocrx_word' id='word_1_78' title='bbox 496 1164 519 1212; x_wconf 80' lang='lat' dir='ltr'><strong>g.</strong></span> <span class='ocrx_word' id='word_1_79' title='bbox 531 1149 593 1211; x_wconf 90' lang='lat' dir='ltr'><strong>conj.</strong></span> <span class='ocrx_word' id='word_1_80' title='bbox 605 1150 639 1196; x_wconf 89' lang='lat' dir='ltr'><strong>sb.</strong></span> <span class='ocrx_word' id='word_1_81' title='bbox 658 1149 749 1210; x_wconf 80' lang='lat' dir='ltr'><strong>cobliqit</strong></span> <span class='ocrx_word' id='word_1_82' title='bbox 759 1147 883 1212; x_wconf 80' lang='lat' dir='ltr'><strong>ABEGg.</strong></span> <span class='ocrx_word' id='word_1_83' title='bbox 900 1148 963 1198; x_wconf 89' lang='lat' dir='ltr'><strong>orbis</strong></span> <span class='ocrx_word' id='word_1_84' title='bbox 975 1149 1172 1197; x_wconf 70' lang='lat' dir='ltr'><strong>Altam-ort.</strong></span> 
     </span>
    </p>

    <p class='ocr_par' dir='ltr' id='par_1_3' title="bbox 225 1213 1228 1341">
     <span class='ocr_line' id='line_1_10' title="bbox 259 1213 1228 1277; baseline -0.001 -15"><span class='ocrx_word' id='word_1_85' title='bbox 259 1215 314 1262; x_wconf 89' lang='lat'><strong>519.</strong></span> <span class='ocrx_word' id='word_1_86' title='bbox 332 1213 465 1276; x_wconf 68' lang='lat' dir='ltr'><strong>Exci-ema]</strong></span> <span class='ocrx_word' id='word_1_87' title='bbox 483 1214 515 1263; x_wconf 83' lang='lat' dir='ltr'><strong>A.</strong></span> <span class='ocrx_word' id='word_1_88' title='bbox 532 1215 641 1276; x_wconf 84' lang='lat' dir='ltr'><strong>(firmans</strong></span> <span class='ocrx_word' id='word_1_89' title='bbox 654 1215 772 1261; x_wconf 89' lang='lat' dir='ltr'><strong>emendat.</strong></span> <span class='ocrx_word' id='word_1_90' title='bbox 785 1214 819 1276; x_wconf 84' lang='lat' dir='ltr'><strong>g.)</strong></span> <span class='ocrx_word' id='word_1_91' title='bbox 835 1215 870 1261; x_wconf 91' lang='lat' dir='ltr'><strong>sb.</strong></span> <span class='ocrx_word' id='word_1_92' title='bbox 888 1221 1003 1261; x_wconf 72' lang='lat' dir='ltr'><strong>extremos</strong></span> <span class='ocrx_word' id='word_1_93' title='bbox 1014 1214 1110 1277; x_wconf 81' lang='lat' dir='ltr'><strong>BEGg.</strong></span> <span class='ocrx_word' id='word_1_94' title='bbox 1143 1213 1228 1276; x_wconf 87' lang='lat' dir='ltr'><strong>(Ibid.)</strong></span> 
     </span>
     <span class='ocr_line' id='line_1_11' title="bbox 225 1277 982 1341; baseline -0.001 -15"><span class='ocrx_word' id='word_1_95' title='bbox 225 1277 310 1341; x_wconf 86' lang='lat' dir='ltr'><strong>uuum]</strong></span> <span class='ocrx_word' id='word_1_96' title='bbox 328 1279 360 1327; x_wconf 93' lang='lat' dir='ltr'><strong>A.</strong></span> <span class='ocrx_word' id='word_1_97' title='bbox 377 1278 487 1340; x_wconf 85' lang='lat' dir='ltr'><strong>(firmans</strong></span> <span class='ocrx_word' id='word_1_98' title='bbox 498 1280 610 1326; x_wconf 86' lang='lat' dir='ltr'><strong>emendat</strong></span> <span class='ocrx_word' id='word_1_99' title='bbox 620 1277 656 1341; x_wconf 82' lang='lat' dir='ltr'><strong>g.)</strong></span> <span class='ocrx_word' id='word_1_100' title='bbox 668 1279 703 1326; x_wconf 90' lang='lat' dir='ltr'><strong>sb.</strong></span> <span class='ocrx_word' id='word_1_101' title='bbox 721 1294 782 1327; x_wconf 83' lang='lat' dir='ltr'><strong>uuus</strong></span> <span class='ocrx_word' id='word_1_102' title='bbox 795 1278 982 1340; x_wconf 59' lang='lat' dir='ltr'><strong>susq-oa,</strong></span> 
     </span>
    </p>

    <p class='ocr_par' dir='ltr' id='par_1_4' title="bbox 225 1342 1228 1536">
     <span class='ocr_line' id='line_1_12' title="bbox 259 1342 1227 1406; baseline 0 -14"><span class='ocrx_word' id='word_1_103' title='bbox 259 1345 315 1393; x_wconf 87' lang='grc'><strong>520.</strong></span> <span class='ocrx_word' id='word_1_104' title='bbox 332 1342 459 1406; x_wconf 87' lang='lat' dir='ltr'><strong>Desectus]</strong></span> <span class='ocrx_word' id='word_1_105' title='bbox 487 1343 541 1392; x_wconf 86' lang='lat' dir='ltr'><strong>BE.</strong></span> <span class='ocrx_word' id='word_1_106' title='bbox 560 1351 588 1392; x_wconf 89' lang='lat' dir='ltr'><strong>ut</strong></span> <span class='ocrx_word' id='word_1_107' title='bbox 605 1343 700 1391; x_wconf 79' lang='lat' dir='ltr'><strong>volebat</strong></span> <span class='ocrx_word' id='word_1_108' title='bbox 718 1343 791 1391; x_wconf 88' lang='lat' dir='ltr'><strong>etiam</strong></span> <span class='ocrx_word' id='word_1_109' title='bbox 808 1359 832 1405; x_wconf 83' lang='lat' dir='ltr'><strong>g.</strong></span> <span class='ocrx_word' id='word_1_110' title='bbox 854 1345 958 1405; x_wconf 82' lang='lat' dir='ltr'><strong>defectus</strong></span> <span class='ocrx_word' id='word_1_111' title='bbox 977 1342 1050 1406; x_wconf 73' lang='lat' dir='ltr'><strong>Aeg.</strong></span> <span class='ocrx_word' id='word_1_112' title='bbox 1074 1344 1181 1391; x_wconf 57' lang='lat' dir='ltr'><strong>boecius</strong></span> <span class='ocrx_word' id='word_1_113' title='bbox 1197 1343 1227 1392; x_wconf 86' lang='lat' dir='ltr'><strong>de</strong></span> 
     </span>
     <span class='ocr_line' id='line_1_13' title="bbox 225 1406 1227 1471; baseline 0 -15"><span class='ocrx_word' id='word_1_114' title='bbox 225 1407 301 1458; x_wconf 87' lang='lat' dir='ltr'><strong>altera</strong></span> <span class='ocrx_word' id='word_1_115' title='bbox 312 1423 337 1470; x_wconf 78' lang='lat' dir='ltr'><strong>g.</strong></span> <span class='ocrx_word' id='word_1_116' title='bbox 347 1409 410 1470; x_wconf 85' lang='lat' dir='ltr'><strong>conj.</strong></span> <span class='ocrx_word' id='word_1_117' title='bbox 421 1409 446 1457; x_wconf 92' lang='lat' dir='ltr'><strong>b.</strong></span> <span class='ocrx_word' id='word_1_118' title='bbox 462 1410 573 1456; x_wconf 85' lang='lat' dir='ltr'><strong>dissectus</strong></span> <span class='ocrx_word' id='word_1_119' title='bbox 583 1424 604 1456; x_wconf 92' lang='lat' dir='ltr'><strong>s.</strong></span> <span class='ocrx_word' id='word_1_120' title='bbox 638 1407 724 1468; x_wconf 82' lang='lat' dir='ltr'><strong>(thid.)</strong></span> <span class='ocrx_word' id='word_1_121' title='bbox 739 1406 836 1471; x_wconf 84' lang='lat' dir='ltr'><strong>abitio]</strong></span> <span class='ocrx_word' id='word_1_122' title='bbox 855 1408 886 1457; x_wconf 90' lang='lat' dir='ltr'><strong>A.</strong></span> <span class='ocrx_word' id='word_1_123' title='bbox 904 1408 1011 1456; x_wconf 74' lang='lat' dir='ltr'><strong>bailium</strong></span> <span class='ocrx_word' id='word_1_124' title='bbox 1027 1407 1152 1469; x_wconf 77' lang='lat' dir='ltr'><strong>BEGgsb.</strong></span> <span class='ocrx_word' id='word_1_125' title='bbox 1186 1408 1227 1456; x_wconf 89' lang='lat' dir='ltr'><strong>Eu</strong></span> 
     </span>
     <span class='ocr_line' id='line_1_14' title="bbox 226 1471 1228 1536; baseline 0.001 -14"><span class='ocrx_word' id='word_1_126' title='bbox 226 1472 301 1522; x_wconf 88' lang='lat' dir='ltr'><strong>altera</strong></span> <span class='ocrx_word' id='word_1_127' title='bbox 310 1473 390 1522; x_wconf 86' lang='lat' dir='ltr'><strong>Grotii</strong></span> <span class='ocrx_word' id='word_1_128' title='bbox 399 1473 462 1535; x_wconf 84' lang='lat' dir='ltr'><strong>conj.</strong></span> <span class='ocrx_word' id='word_1_129' title='bbox 473 1473 576 1521; x_wconf 83' lang='lat' dir='ltr'><strong>desectus</strong></span> <span class='ocrx_word' id='word_1_130' title='bbox 583 1473 613 1521; x_wconf 89' lang='lat' dir='ltr'><strong>ab</strong></span> <span class='ocrx_word' id='word_1_131' title='bbox 624 1474 666 1521; x_wconf 83' lang='lat' dir='ltr'><strong>iilo</strong></span> <span class='ocrx_word' id='word_1_132' title='bbox 674 1473 770 1521; x_wconf 86' lang='lat' dir='ltr'><strong>firmata</strong></span> <span class='ocrx_word' id='word_1_133' title='bbox 778 1474 866 1536; x_wconf 88' lang='lat' dir='ltr'><strong>partim</strong></span> <span class='ocrx_word' id='word_1_134' title='bbox 874 1489 890 1520; x_wconf 87' lang='lat' dir='ltr'><strong>a</strong></span> <span class='ocrx_word' id='word_1_135' title='bbox 898 1472 953 1521; x_wconf 84' lang='grc' dir='ltr'><strong>ΒΕ.</strong></span> <span class='ocrx_word' id='word_1_136' title='bbox 963 1472 1052 1536; x_wconf 86' lang='lat' dir='ltr'><strong>partim</strong></span> <span class='ocrx_word' id='word_1_137' title='bbox 1063 1473 1093 1520; x_wconf 88' lang='lat' dir='ltr'><strong>ab</strong></span> <span class='ocrx_word' id='word_1_138' title='bbox 1104 1471 1228 1523; x_wconf 81' lang='lat' dir='ltr'><strong>A—OR.</strong></span> 
     </span>
    </p>

    <p class='ocr_par' dir='ltr' id='par_1_5' title="bbox 260 1537 641 1586">
     <span class='ocr_line' id='line_1_15' title="bbox 260 1537 641 1586; baseline 0 0"><span class='ocrx_word' id='word_1_139' title='bbox 260 1540 316 1586; x_wconf 83' lang='lat'><strong>521.</strong></span> <span class='ocrx_word' id='word_1_140' title='bbox 332 1537 400 1586; x_wconf 86' lang='lat' dir='ltr'><strong>Nam</strong></span> <span class='ocrx_word' id='word_1_141' title='bbox 410 1541 431 1585; x_wconf 91' lang='lat' dir='ltr'><strong>si</strong></span> <span class='ocrx_word' id='word_1_142' title='bbox 441 1539 464 1586; x_wconf 91' lang='lat' dir='ltr'><strong>b.</strong></span> <span class='ocrx_word' id='word_1_143' title='bbox 476 1537 641 1586; x_wconf 71' lang='lat' dir='ltr'><strong>solus-Oli.</strong></span> 
     </span>
    </p>

    <p class='ocr_par' dir='ltr' id='par_1_6' title="bbox 259 1601 762 1652">
     <span class='ocr_line' id='line_1_16' title="bbox 259 1601 762 1652; baseline 0 -1"><span class='ocrx_word' id='word_1_144' title='bbox 259 1605 315 1651; x_wconf 82' lang='lat'><strong>522.</strong></span> <span class='ocrx_word' id='word_1_145' title='bbox 334 1601 455 1650; x_wconf 83' lang='lat' dir='ltr'><strong>Distentis</strong></span> <span class='ocrx_word' id='word_1_146' title='bbox 465 1602 530 1652; x_wconf 87' lang='lat' dir='ltr'><strong>orbis</strong></span> <span class='ocrx_word' id='word_1_147' title='bbox 540 1603 630 1650; x_wconf 83' lang='lat' dir='ltr'><strong>medius</strong></span> <span class='ocrx_word' id='word_1_148' title='bbox 640 1601 762 1651; x_wconf 90' lang='lat' dir='ltr'><strong>A.—0R.</strong></span> 
     </span>
    </p>

    <p class='ocr_par' dir='ltr' id='par_1_7' title="bbox 226 1665 1228 1912">
     <span class='ocr_line' id='line_1_17' title="bbox 260 1665 1227 1730; baseline -0.002 -14"><span class='ocrx_word' id='word_1_149' title='bbox 260 1669 315 1716; x_wconf 87' lang='grc'><strong>523.</strong></span> <span class='ocrx_word' id='word_1_150' title='bbox 336 1667 436 1730; x_wconf 79' lang='lat' dir='ltr'><strong>Tribus]</strong></span> <span class='ocrx_word' id='word_1_151' title='bbox 454 1668 563 1730; x_wconf 87' lang='lat' dir='ltr'><strong>Tropicis</strong></span> <span class='ocrx_word' id='word_1_152' title='bbox 574 1675 598 1715; x_wconf 91' lang='lat' dir='ltr'><strong>et</strong></span> <span class='ocrx_word' id='word_1_153' title='bbox 608 1667 745 1728; x_wconf 87' lang='lat' dir='ltr'><strong>AEquatori.</strong></span> <span class='ocrx_word' id='word_1_154' title='bbox 779 1666 844 1714; x_wconf 67' lang='lat' dir='ltr'><strong>Imm</strong></span> <span class='ocrx_word' id='word_1_155' title='bbox 855 1671 928 1724; x_wconf 85' lang='lat' dir='ltr'><strong>ortus,</strong></span> <span class='ocrx_word' id='word_1_156' title='bbox 937 1665 988 1729; x_wconf 63' lang='lat' dir='ltr'><strong>bo]</strong></span> <span class='ocrx_word' id='word_1_157' title='bbox 1008 1665 1039 1713; x_wconf 91' lang='lat' dir='ltr'><strong>Id</strong></span> <span class='ocrx_word' id='word_1_158' title='bbox 1049 1671 1095 1725; x_wconf 86' lang='lat' dir='ltr'><strong>est,</strong></span> <span class='ocrx_word' id='word_1_159' title='bbox 1104 1665 1165 1714; x_wconf 89' lang='lat' dir='ltr'><strong>locis</strong></span> <span class='ocrx_word' id='word_1_160' title='bbox 1176 1666 1227 1714; x_wconf 88' lang='lat' dir='ltr'><strong>suis</strong></span> 
     </span>
     <span class='ocr_line' id='line_1_18' title="bbox 226 1730 1227 1794; baseline 0 -14"><span class='ocrx_word' id='word_1_161' title='bbox 226 1748 277 1781; x_wconf 90' lang='lat' dir='ltr'><strong>non</strong></span> <span class='ocrx_word' id='word_1_162' title='bbox 297 1732 457 1791; x_wconf 84' lang='lat' dir='ltr'><strong>dimoventur,</strong></span> <span class='ocrx_word' id='word_1_163' title='bbox 477 1733 523 1790; x_wconf 84' lang='lat' dir='ltr'><strong>vel,</strong></span> <span class='ocrx_word' id='word_1_164' title='bbox 542 1732 647 1780; x_wconf 83' lang='lat' dir='ltr'><strong>eundem</strong></span> <span class='ocrx_word' id='word_1_165' title='bbox 662 1747 759 1794; x_wconf 90' lang='lat' dir='ltr'><strong>semper</strong></span> <span class='ocrx_word' id='word_1_166' title='bbox 777 1732 859 1780; x_wconf 89' lang='lat' dir='ltr'><strong>locum</strong></span> <span class='ocrx_word' id='word_1_167' title='bbox 879 1730 1227 1780; x_wconf 83' lang='lat' dir='ltr'><strong>obtinent.-SCH.--uaa-</strong></span> 
     </span>
     <span class='ocr_line' id='line_1_19' title="bbox 227 1796 1228 1860; baseline -0.001 -14"><span class='ocrx_word' id='word_1_168' title='bbox 227 1796 324 1860; x_wconf 77' lang='lat' dir='ltr'><strong>cuntur]</strong></span> <span class='ocrx_word' id='word_1_169' title='bbox 353 1797 384 1844; x_wconf 89' lang='lat' dir='ltr'><strong>A.</strong></span> <span class='ocrx_word' id='word_1_170' title='bbox 402 1803 529 1847; x_wconf 76' lang='lat' dir='ltr'><strong>noscamur</strong></span> <span class='ocrx_word' id='word_1_171' title='bbox 550 1797 662 1859; x_wconf 84' lang='lat' dir='ltr'><strong>BEng.</strong></span> <span class='ocrx_word' id='word_1_172' title='bbox 691 1803 801 1846; x_wconf 79' lang='lat' dir='ltr'><strong>noscetur</strong></span> <span class='ocrx_word' id='word_1_173' title='bbox 817 1812 854 1853; x_wconf 88' lang='lat' dir='ltr'><strong>s.;</strong></span> <span class='ocrx_word' id='word_1_174' title='bbox 879 1796 922 1844; x_wconf 86' lang='lat' dir='ltr'><strong>sed</strong></span> <span class='ocrx_word' id='word_1_175' title='bbox 943 1803 997 1845; x_wconf 91' lang='lat' dir='ltr'><strong>tum</strong></span> <span class='ocrx_word' id='word_1_176' title='bbox 1018 1803 1084 1844; x_wconf 87' lang='lat' dir='ltr'><strong>ortus</strong></span> <span class='ocrx_word' id='word_1_177' title='bbox 1101 1806 1186 1860; x_wconf 86' lang='lat' dir='ltr'><strong>peccat</strong></span> <span class='ocrx_word' id='word_1_178' title='bbox 1201 1797 1228 1846; x_wconf 90' lang='lat' dir='ltr'><strong>in</strong></span> 
     </span>
     <span class='ocr_line' id='line_1_20' title="bbox 226 1862 431 1912; baseline 0 -2"><span class='ocrx_word' id='word_1_179' title='bbox 226 1862 431 1912; x_wconf 77' lang='lat' dir='ltr'><strong>metrum-OB.</strong></span> 
     </span>
    </p>

    <p class='ocr_par' dir='ltr' id='par_1_8' title="bbox 260 1924 1203 1990">
     <span class='ocr_line' id='line_1_21' title="bbox 260 1924 1203 1990; baseline -0.002 -15"><span class='ocrx_word' id='word_1_180' title='bbox 260 1930 315 1976; x_wconf 82' lang='lat'><strong>524.</strong></span> <span class='ocrx_word' id='word_1_181' title='bbox 332 1924 478 1989; x_wconf 76' lang='lat' dir='ltr'><em>Remanent]</em></span> <span class='ocrx_word' id='word_1_182' title='bbox 497 1926 598 1988; x_wconf 83' lang='lat' dir='ltr'><strong>BGgsb.</strong></span> <span class='ocrx_word' id='word_1_183' title='bbox 614 1933 719 1974; x_wconf 82' lang='lat' dir='ltr'><strong><em>remanet</em></strong></span> <span class='ocrx_word' id='word_1_184' title='bbox 729 1926 787 1974; x_wconf 84' lang='grc' dir='ltr'><strong>ΑΕ.</strong></span> <span class='ocrx_word' id='word_1_185' title='bbox 805 1924 895 1989; x_wconf 90' lang='lat' dir='ltr'><strong>(sedin</strong></span> <span class='ocrx_word' id='word_1_186' title='bbox 907 1927 930 1974; x_wconf 85' lang='grc' dir='ltr'><strong>Ε</strong></span> <span class='ocrx_word' id='word_1_187' title='bbox 942 1940 1060 1990; x_wconf 87' lang='lat' dir='ltr'><strong>superscr.</strong></span> <span class='ocrx_word' id='word_1_188' title='bbox 1073 1924 1203 1988; x_wconf 78' lang='lat' dir='ltr'><strong>a.)-OR.</strong></span> 
     </span>
    </p>

    <p class='ocr_par' dir='ltr' id='par_1_9' title="bbox 228 1990 1225 2120">
     <span class='ocr_line' id='line_1_22' title="bbox 260 1990 1225 2055; baseline -0.002 -13"><span class='ocrx_word' id='word_1_189' title='bbox 260 1993 316 2044; x_wconf 83' lang='grc'><strong>527.</strong></span> <span class='ocrx_word' id='word_1_190' title='bbox 337 1991 430 2054; x_wconf 80' lang='lat' dir='ltr'><strong>Distat]</strong></span> <span class='ocrx_word' id='word_1_191' title='bbox 466 1991 591 2053; x_wconf 83' lang='lat' dir='ltr'><strong>BEGgsb.</strong></span> <span class='ocrx_word' id='word_1_192' title='bbox 619 1991 707 2040; x_wconf 78' lang='lat' dir='ltr'><strong>distem</strong></span> <span class='ocrx_word' id='word_1_193' title='bbox 729 1993 760 2039; x_wconf 97' lang='lat' dir='ltr'><strong>A.</strong></span> <span class='ocrx_word' id='word_1_194' title='bbox 803 1991 887 2052; x_wconf 91' lang='lat' dir='ltr'><strong>(Ibid.)</strong></span> <span class='ocrx_word' id='word_1_195' title='bbox 914 2007 986 2055; x_wconf 83' lang='lat' dir='ltr'><strong>quam</strong></span> <span class='ocrx_word' id='word_1_196' title='bbox 1005 1993 1069 2039; x_wconf 81' lang='lat' dir='ltr'><strong>tatus</strong></span> <span class='ocrx_word' id='word_1_197' title='bbox 1088 1993 1121 2040; x_wconf 77' lang='lat' dir='ltr'><strong>ab</strong></span> <span class='ocrx_word' id='word_1_198' title='bbox 1141 1990 1225 2055; x_wconf 84' lang='lat' dir='ltr'><strong>auras]</strong></span> 
     </span>
     <span class='ocr_line' id='line_1_23' title="bbox 228 2055 852 2120; baseline -0.003 -14"><span class='ocrx_word' id='word_1_199' title='bbox 228 2057 353 2120; x_wconf 80' lang='lat' dir='ltr'><strong>BEGgsb.</strong></span> <span class='ocrx_word' id='word_1_200' title='bbox 370 2062 521 2119; x_wconf 85' lang='lat' dir='ltr'><strong>quamtautus</strong></span> <span class='ocrx_word' id='word_1_201' title='bbox 532 2055 592 2118; x_wconf 91' lang='lat' dir='ltr'><strong>(sic)</strong></span> <span class='ocrx_word' id='word_1_202' title='bbox 604 2056 636 2102; x_wconf 85' lang='lat' dir='ltr'><strong>ad</strong></span> <span class='ocrx_word' id='word_1_203' title='bbox 646 2071 715 2104; x_wconf 82' lang='lat' dir='ltr'><strong>aures</strong></span> <span class='ocrx_word' id='word_1_204' title='bbox 727 2056 852 2106; x_wconf 85' lang='lat' dir='ltr'><strong>A.-0R.</strong></span> 
     </span>
    </p>

    <p class='ocr_par' dir='ltr' id='par_1_10' title="bbox 224 2120 1227 2703">
     <span class='ocr_line' id='line_1_24' title="bbox 260 2120 1226 2185; baseline -0.002 -15"><span class='ocrx_word' id='word_1_205' title='bbox 260 2124 316 2171; x_wconf 89' lang='grc'><strong>530.</strong></span> <span class='ocrx_word' id='word_1_206' title='bbox 334 2123 449 2185; x_wconf 84' lang='lat' dir='ltr'><strong>AEqualia</strong></span> <span class='ocrx_word' id='word_1_207' title='bbox 464 2124 526 2170; x_wconf 77' lang='lat' dir='ltr'><strong>ories</strong></span> <span class='ocrx_word' id='word_1_208' title='bbox 545 2120 675 2168; x_wconf 86' lang='lat' dir='ltr'><strong>succumbit</strong></span> <span class='ocrx_word' id='word_1_209' title='bbox 691 2123 772 2184; x_wconf 74' lang='lat' dir='ltr'><strong>rapula</strong></span> <span class='ocrx_word' id='word_1_210' title='bbox 791 2121 852 2170; x_wconf 67' lang='grc'><strong>35133</strong></span> <span class='ocrx_word' id='word_1_211' title='bbox 864 2121 971 2179; x_wconf 84' lang='lat' dir='ltr'><strong>Iuserior</strong></span> <span class='ocrx_word' id='word_1_212' title='bbox 985 2123 1058 2183; x_wconf 80' lang='lat' dir='ltr'><strong>siquis</strong></span> <span class='ocrx_word' id='word_1_213' title='bbox 1070 2121 1161 2182; x_wconf 83' lang='lat' dir='ltr'><strong>spatiis,</strong></span> <span class='ocrx_word' id='word_1_214' title='bbox 1173 2125 1226 2168; x_wconf 87' lang='lat' dir='ltr'><strong>tcu-</strong></span> 
     </span>
     <span class='ocr_line' id='line_1_25' title="bbox 228 2185 1227 2251; baseline -0.002 -16"><span class='ocrx_word' id='word_1_215' title='bbox 228 2193 322 2251; x_wconf 87' lang='lat' dir='ltr'><strong>tumque</strong></span> <span class='ocrx_word' id='word_1_216' title='bbox 334 2187 419 2234; x_wconf 77' lang='lat' dir='ltr'><strong><em>tenebit</em></strong></span> <span class='ocrx_word' id='word_1_217' title='bbox 436 2187 491 2236; x_wconf 83' lang='lat' dir='ltr'><strong>Uuu</strong></span> <span class='ocrx_word' id='word_1_218' title='bbox 502 2189 539 2234; x_wconf 81' lang='lat' dir='ltr'><strong>sui</strong></span> <span class='ocrx_word' id='word_1_219' title='bbox 550 2187 639 2242; x_wconf 79' lang='lat' dir='ltr'><strong>lateris,</strong></span> <span class='ocrx_word' id='word_1_220' title='bbox 657 2193 771 2247; x_wconf 82' lang='lat' dir='ltr'><strong>quantum</strong></span> <span class='ocrx_word' id='word_1_221' title='bbox 782 2202 798 2240; x_wconf 85' lang='lat' dir='ltr'><strong>a</strong></span> <span class='ocrx_word' id='word_1_222' title='bbox 809 2187 891 2234; x_wconf 79' lang='lat' dir='ltr'><strong>tellure</strong></span> <span class='ocrx_word' id='word_1_223' title='bbox 901 2185 1001 2248; x_wconf 76' lang='lat' dir='ltr'><strong>recedit]</strong></span> <span class='ocrx_word' id='word_1_224' title='bbox 1019 2185 1172 2247; x_wconf 83' lang='lat' dir='ltr'><strong>Legendum‚</strong></span> <span class='ocrx_word' id='word_1_225' title='bbox 1190 2185 1227 2233; x_wconf 90' lang='lat' dir='ltr'><strong>uti</strong></span> 
     </span>
     <span class='ocr_line' id='line_1_26' title="bbox 224 2250 1227 2315; baseline 0 -15"><span class='ocrx_word' id='word_1_226' title='bbox 224 2253 277 2314; x_wconf 87' lang='lat' dir='ltr'><strong>jam</strong></span> <span class='ocrx_word' id='word_1_227' title='bbox 289 2268 431 2315; x_wconf 86' lang='lat' dir='ltr'><strong>expressum</strong></span> <span class='ocrx_word' id='word_1_228' title='bbox 442 2259 486 2311; x_wconf 82' lang='lat' dir='ltr'><strong>est,</strong></span> <span class='ocrx_word' id='word_1_229' title='bbox 500 2252 539 2300; x_wconf 93' lang='lat' dir='ltr'><strong>De</strong></span> <span class='ocrx_word' id='word_1_230' title='bbox 550 2250 668 2309; x_wconf 85' lang='lat' dir='ltr'><strong>hocloco,</strong></span> <span class='ocrx_word' id='word_1_231' title='bbox 687 2251 737 2299; x_wconf 88' lang='lat' dir='ltr'><strong>sive</strong></span> <span class='ocrx_word' id='word_1_232' title='bbox 748 2252 801 2313; x_wconf 86' lang='lat' dir='ltr'><strong>ejus</strong></span> <span class='ocrx_word' id='word_1_233' title='bbox 812 2251 940 2308; x_wconf 89' lang='lat' dir='ltr'><strong>sententia,</strong></span> <span class='ocrx_word' id='word_1_234' title='bbox 952 2251 982 2298; x_wconf 88' lang='lat' dir='ltr'><strong>ad</strong></span> <span class='ocrx_word' id='word_1_235' title='bbox 994 2250 1098 2298; x_wconf 78' lang='lat' dir='ltr'><strong>Aratum</strong></span> <span class='ocrx_word' id='word_1_236' title='bbox 1110 2250 1227 2300; x_wconf 76' lang='lat' dir='ltr'><strong>diximus.</strong></span> 
     </span>
     <span class='ocr_line' id='line_1_27' title="bbox 227 2314 1227 2376; baseline -0.002 -11"><span class='ocrx_word' id='word_1_237' title='bbox 227 2317 303 2365; x_wconf 83' lang='lat' dir='ltr'><strong>Latus</strong></span> <span class='ocrx_word' id='word_1_238' title='bbox 321 2325 359 2365; x_wconf 87' lang='lat' dir='ltr'><strong>cst</strong></span> <span class='ocrx_word' id='word_1_239' title='bbox 374 2318 437 2364; x_wconf 81' lang='lat' dir='ltr'><strong>liaeo</strong></span> <span class='ocrx_word' id='word_1_240' title='bbox 455 2321 529 2365; x_wconf 85' lang='lat' dir='ltr'><strong>recta.</strong></span> <span class='ocrx_word' id='word_1_241' title='bbox 563 2315 604 2363; x_wconf 81' lang='lat' dir='ltr'><strong>Ita</strong></span> <span class='ocrx_word' id='word_1_242' title='bbox 620 2314 686 2374; x_wconf 87' lang='lat' dir='ltr'><strong>alibi,</strong></span> <span class='ocrx_word' id='word_1_243' title='bbox 704 2331 727 2364; x_wconf 86' lang='lat' dir='ltr'><strong>v.</strong></span> <span class='ocrx_word' id='word_1_244' title='bbox 739 2315 801 2366; x_wconf 80' lang='lat' dir='ltr'><strong>lat:</strong></span> <span class='ocrx_word' id='word_1_245' title='bbox 821 2315 941 2372; x_wconf 75' lang='lat' dir='ltr'><strong>Quantum</strong></span> <span class='ocrx_word' id='word_1_246' title='bbox 959 2315 1022 2362; x_wconf 77' lang='lat' dir='ltr'><strong>brius</strong></span> <span class='ocrx_word' id='word_1_247' title='bbox 1038 2331 1053 2362; x_wconf 85' lang='lat' dir='ltr'><strong>a</strong></span> <span class='ocrx_word' id='word_1_248' title='bbox 1070 2314 1128 2376; x_wconf 78' lang='lat' dir='ltr'><strong>pede</strong></span> <span class='ocrx_word' id='word_1_249' title='bbox 1145 2315 1227 2363; x_wconf 81' lang='lat' dir='ltr'><strong>deutra</strong></span> 
     </span>
     <span class='ocr_line' id='line_1_28' title="bbox 230 2379 1226 2444; baseline -0.002 -15"><span class='ocrx_word' id='word_1_250' title='bbox 230 2381 331 2444; x_wconf 82' lang='lat' dir='ltr'><strong>Cepbeos</strong></span> <span class='ocrx_word' id='word_1_251' title='bbox 347 2387 474 2430; x_wconf 82' lang='lat' dir='ltr'><strong>eotremem</strong></span> <span class='ocrx_word' id='word_1_252' title='bbox 485 2383 560 2444; x_wconf 74' lang='lat' dir='ltr'><strong>toaqit</strong></span> <span class='ocrx_word' id='word_1_253' title='bbox 572 2380 721 2442; x_wconf 72' lang='lat' dir='ltr'><strong>Cynosurida</strong></span> <span class='ocrx_word' id='word_1_254' title='bbox 737 2381 853 2428; x_wconf 66' lang='lat' dir='ltr'><strong>sauua-</strong></span> <span class='ocrx_word' id='word_1_255' title='bbox 872 2379 1024 2428; x_wconf 75' lang='lat' dir='ltr'><em>Tantundem</em></span> <span class='ocrx_word' id='word_1_256' title='bbox 1034 2379 1063 2427; x_wconf 88' lang='lat' dir='ltr'><strong>ab</strong></span> <span class='ocrx_word' id='word_1_257' title='bbox 1075 2380 1132 2426; x_wconf 81' lang='lat' dir='ltr'><strong>lavo</strong></span> <span class='ocrx_word' id='word_1_258' title='bbox 1142 2379 1226 2427; x_wconf 80' lang='lat' dir='ltr'><strong>dister-</strong></span> 
     </span>
     <span class='ocr_line' id='line_1_29' title="bbox 227 2442 1227 2506; baseline -0.002 -12"><span class='ocrx_word' id='word_1_259' title='bbox 227 2449 311 2495; x_wconf 83' lang='lat' dir='ltr'><strong>minat.</strong></span> <span class='ocrx_word' id='word_1_260' title='bbox 345 2447 385 2494; x_wconf 88' lang='lat' dir='ltr'><strong>Ita</strong></span> <span class='ocrx_word' id='word_1_261' title='bbox 405 2447 471 2494; x_wconf 88' lang='lat' dir='ltr'><strong>enim</strong></span> <span class='ocrx_word' id='word_1_262' title='bbox 492 2445 563 2493; x_wconf 87' lang='lat' dir='ltr'><strong>iilum</strong></span> <span class='ocrx_word' id='word_1_263' title='bbox 583 2443 666 2492; x_wconf 92' lang='lat' dir='ltr'><strong>locum</strong></span> <span class='ocrx_word' id='word_1_264' title='bbox 687 2445 877 2493; x_wconf 78' lang='lat' dir='ltr'><strong>emendavimus.</strong></span> <span class='ocrx_word' id='word_1_265' title='bbox 900 2445 988 2493; x_wconf 83' lang='lat' dir='ltr'><strong>Gnor.</strong></span> <span class='ocrx_word' id='word_1_266' title='bbox 1027 2442 1089 2491; x_wconf 89' lang='lat' dir='ltr'><strong>Vide</strong></span> <span class='ocrx_word' id='word_1_267' title='bbox 1111 2444 1227 2506; x_wconf 83' lang='lat' dir='ltr'><strong>Scaligeri</strong></span> 
     </span>
     <span class='ocr_line' id='line_1_30' title="bbox 228 2508 1227 2572; baseline -0.004 -12"><span class='ocrx_word' id='word_1_268' title='bbox 228 2519 298 2560; x_wconf 89' lang='lat' dir='ltr'><strong>notas</strong></span> <span class='ocrx_word' id='word_1_269' title='bbox 315 2512 345 2560; x_wconf 88' lang='lat' dir='ltr'><strong>ad</strong></span> <span class='ocrx_word' id='word_1_270' title='bbox 362 2511 461 2559; x_wconf 79' lang='lat' dir='ltr'><strong>Manilii</strong></span> <span class='ocrx_word' id='word_1_271' title='bbox 478 2510 519 2560; x_wconf 86' lang='lat' dir='ltr'><strong>lib.</strong></span> <span class='ocrx_word' id='word_1_272' title='bbox 535 2510 556 2558; x_wconf 91' lang='lat'><strong>1.</strong></span> <span class='ocrx_word' id='word_1_273' title='bbox 575 2524 599 2558; x_wconf 84' lang='lat' dir='ltr'><strong>v.</strong></span> <span class='ocrx_word' id='word_1_274' title='bbox 617 2510 673 2565; x_wconf 88' lang='grc'><strong>545,</strong></span> <span class='ocrx_word' id='word_1_275' title='bbox 690 2525 758 2572; x_wconf 90' lang='lat' dir='ltr'><strong>seqq.</strong></span> <span class='ocrx_word' id='word_1_276' title='bbox 776 2525 830 2572; x_wconf 84' lang='lat' dir='ltr'><strong>pag.</strong></span> <span class='ocrx_word' id='word_1_277' title='bbox 849 2525 883 2557; x_wconf 91' lang='lat' dir='ltr'><strong>m.</strong></span> <span class='ocrx_word' id='word_1_278' title='bbox 895 2511 935 2569; x_wconf 83' lang='lat'><strong>56,</strong></span> <span class='ocrx_word' id='word_1_279' title='bbox 954 2508 993 2566; x_wconf 86' lang='grc'><strong>57,</strong></span> <span class='ocrx_word' id='word_1_280' title='bbox 1011 2508 1227 2557; x_wconf 85' lang='grc' dir='ltr'><strong>58.-8οΗ.--</strong></span> 
     </span>
     <span class='ocr_line' id='line_1_31' title="bbox 224 2573 1225 2639; baseline -0.002 -15"><span class='ocrx_word' id='word_1_281' title='bbox 224 2575 319 2639; x_wconf 82' lang='lat' dir='ltr'><strong>portes]</strong></span> <span class='ocrx_word' id='word_1_282' title='bbox 341 2577 370 2624; x_wconf 89' lang='lat' dir='ltr'><strong>de</strong></span> <span class='ocrx_word' id='word_1_283' title='bbox 386 2591 411 2638; x_wconf 81' lang='lat' dir='ltr'><strong>g.</strong></span> <span class='ocrx_word' id='word_1_284' title='bbox 424 2575 487 2637; x_wconf 91' lang='lat' dir='ltr'><strong>conj.</strong></span> <span class='ocrx_word' id='word_1_285' title='bbox 500 2576 535 2622; x_wconf 89' lang='lat' dir='ltr'><strong>sb.</strong></span> <span class='ocrx_word' id='word_1_286' title='bbox 558 2576 620 2622; x_wconf 78' lang='lat' dir='ltr'><strong>ories</strong></span> <span class='ocrx_word' id='word_1_287' title='bbox 637 2574 760 2636; x_wconf 75' lang='lat' dir='ltr'><strong>ABEGg.</strong></span> <span class='ocrx_word' id='word_1_288' title='bbox 793 2574 878 2636; x_wconf 92' lang='lat' dir='ltr'><strong>(Ibid.)</strong></span> <span class='ocrx_word' id='word_1_289' title='bbox 892 2573 1037 2636; x_wconf 74' lang='lat' dir='ltr'><strong>succumbet]</strong></span> <span class='ocrx_word' id='word_1_290' title='bbox 1056 2575 1085 2622; x_wconf 93' lang='lat' dir='ltr'><strong>de</strong></span> <span class='ocrx_word' id='word_1_291' title='bbox 1096 2589 1119 2637; x_wconf 83' lang='lat' dir='ltr'><strong>g.</strong></span> <span class='ocrx_word' id='word_1_292' title='bbox 1130 2575 1194 2635; x_wconf 91' lang='lat' dir='ltr'><strong>conj.</strong></span> <span class='ocrx_word' id='word_1_293' title='bbox 1205 2589 1225 2622; x_wconf 92' lang='lat' dir='ltr'><strong>s.</strong></span> 
     </span>
     <span class='ocr_line' id='line_1_32' title="bbox 227 2635 746 2703; baseline 0 -15"><span class='ocrx_word' id='word_1_294' title='bbox 227 2641 357 2690; x_wconf 72' lang='lat' dir='ltr'><strong>succumbit</strong></span> <span class='ocrx_word' id='word_1_295' title='bbox 369 2641 483 2703; x_wconf 79' lang='lat' dir='ltr'><strong>BEng.</strong></span> <span class='ocrx_word' id='word_1_296' title='bbox 499 2635 614 2688; x_wconf 86' lang='lat' dir='ltr'><strong>occumbit</strong></span> <span class='ocrx_word' id='word_1_297' title='bbox 624 2637 746 2688; x_wconf 88' lang='lat' dir='ltr'><strong>A.-0R.</strong></span> 
     </span>
    </p>

    <p class='ocr_par' dir='ltr' id='par_1_11' title="bbox 229 2703 1227 2834">
     <span class='ocr_line' id='line_1_33' title="bbox 261 2703 1227 2769; baseline -0.004 -15"><span class='ocrx_word' id='word_1_298' title='bbox 261 2709 317 2754; x_wconf 83' lang='lat'><strong>531.</strong></span> <span class='ocrx_word' id='word_1_299' title='bbox 334 2706 423 2769; x_wconf 74' lang='lat' dir='ltr'><strong>Siquis,</strong></span> <span class='ocrx_word' id='word_1_300' title='bbox 440 2708 512 2768; x_wconf 81' lang='lat' dir='ltr'><strong>spatii</strong></span> <span class='ocrx_word' id='word_1_301' title='bbox 530 2703 681 2766; x_wconf 83' lang='lat' dir='ltr'><strong>tantumque]</strong></span> <span class='ocrx_word' id='word_1_302' title='bbox 699 2703 729 2752; x_wconf 88' lang='lat' dir='ltr'><strong>de</strong></span> <span class='ocrx_word' id='word_1_303' title='bbox 741 2719 765 2766; x_wconf 80' lang='lat' dir='ltr'><strong>g.</strong></span> <span class='ocrx_word' id='word_1_304' title='bbox 777 2703 841 2765; x_wconf 84' lang='lat' dir='ltr'><strong>conj.</strong></span> <span class='ocrx_word' id='word_1_305' title='bbox 854 2705 891 2754; x_wconf 90' lang='lat' dir='ltr'><strong>sb.</strong></span> <span class='ocrx_word' id='word_1_306' title='bbox 906 2706 980 2768; x_wconf 74' lang='lat' dir='ltr'><strong>siquis</strong></span> <span class='ocrx_word' id='word_1_307' title='bbox 995 2704 1079 2765; x_wconf 83' lang='lat' dir='ltr'><strong>spatiis</strong></span> <span class='ocrx_word' id='word_1_308' title='bbox 1089 2708 1227 2766; x_wconf 69' lang='lat' dir='ltr'><strong>mutumque</strong></span> 
     </span>
     <span class='ocr_line' id='line_1_34' title="bbox 229 2769 814 2834; baseline -0.003 -15"><span class='ocrx_word' id='word_1_309' title='bbox 229 2771 325 2834; x_wconf 80' lang='lat' dir='ltr'><strong>BEGg.</strong></span> <span class='ocrx_word' id='word_1_310' title='bbox 340 2774 416 2834; x_wconf 80' lang='lat' dir='ltr'><strong>siquis</strong></span> <span class='ocrx_word' id='word_1_311' title='bbox 423 2774 614 2834; x_wconf 84' lang='lat' dir='ltr'><strong>potitautumque</strong></span> <span class='ocrx_word' id='word_1_312' title='bbox 624 2769 680 2832; x_wconf 91' lang='lat' dir='ltr'><strong>(sic)</strong></span> <span class='ocrx_word' id='word_1_313' title='bbox 693 2769 814 2817; x_wconf 77' lang='lat' dir='ltr'><strong>A.-0R.</strong></span> 
     </span>
    </p>

    <p class='ocr_par' dir='ltr' id='par_1_12' title="bbox 261 2832 960 2898">
     <span class='ocr_line' id='line_1_35' title="bbox 261 2832 960 2898; baseline -0.006 -14"><span class='ocrx_word' id='word_1_314' title='bbox 261 2837 316 2885; x_wconf 86' lang='grc'><strong>532.</strong></span> <span class='ocrx_word' id='word_1_315' title='bbox 333 2835 391 2898; x_wconf 87' lang='lat' dir='ltr'><strong>Sui]</strong></span> <span class='ocrx_word' id='word_1_316' title='bbox 409 2837 439 2884; x_wconf 90' lang='lat' dir='ltr'><strong>de</strong></span> <span class='ocrx_word' id='word_1_317' title='bbox 451 2851 501 2898; x_wconf 64' lang='grc' dir='ltr'>μ</span> <span class='ocrx_word' id='word_1_318' title='bbox 519 2836 551 2896; x_wconf 87' lang='lat' dir='ltr'><strong>nj.</strong></span> <span class='ocrx_word' id='word_1_319' title='bbox 562 2835 596 2882; x_wconf 90' lang='lat' dir='ltr'><strong>sb.</strong></span> <span class='ocrx_word' id='word_1_320' title='bbox 615 2837 651 2880; x_wconf 89' lang='lat' dir='ltr'><strong>tui</strong></span> <span class='ocrx_word' id='word_1_321' title='bbox 661 2833 692 2882; x_wconf 91' lang='lat' dir='ltr'><strong>A.</strong></span> <span class='ocrx_word' id='word_1_322' title='bbox 710 2838 759 2883; x_wconf 87' lang='lat' dir='ltr'><strong>suis</strong></span> <span class='ocrx_word' id='word_1_323' title='bbox 772 2832 960 2896; x_wconf 57' lang='lat' dir='ltr'><strong>Buca-oa.</strong></span> 
     </span>
    </p>

    <p class='ocr_par' dir='ltr' id='par_1_13' title="bbox 225 2895 1228 4005">
     <span class='ocr_line' id='line_1_36' title="bbox 261 2895 1226 2963; baseline -0.004 -15"><span class='ocrx_word' id='word_1_324' title='bbox 261 2902 316 2949; x_wconf 90' lang='grc'><strong>533.</strong></span> <span class='ocrx_word' id='word_1_325' title='bbox 333 2901 386 2948; x_wconf 88' lang='lat' dir='ltr'><strong>Nec</strong></span> <span class='ocrx_word' id='word_1_326' title='bbox 404 2899 493 2963; x_wconf 85' lang='lat' dir='ltr'><strong>tamea]</strong></span> <span class='ocrx_word' id='word_1_327' title='bbox 535 2913 602 2948; x_wconf 83' lang='lat' dir='ltr'><strong>ersus</strong></span> <span class='ocrx_word' id='word_1_328' title='bbox 612 2899 674 2947; x_wconf 91' lang='lat' dir='ltr'><strong>mihi</strong></span> <span class='ocrx_word' id='word_1_329' title='bbox 684 2899 780 2947; x_wconf 88' lang='lat' dir='ltr'><strong>viderur</strong></span> <span class='ocrx_word' id='word_1_330' title='bbox 791 2895 1005 2962; x_wconf 77' lang='grc' dir='ltr'><strong>ἀπροσδιόνυσος,</strong></span> <span class='ocrx_word' id='word_1_331' title='bbox 1018 2903 1060 2946; x_wconf 89' lang='lat' dir='ltr'><strong>aut</strong></span> <span class='ocrx_word' id='word_1_332' title='bbox 1070 2911 1169 2945; x_wconf 89' lang='lat' dir='ltr'><strong>necesse</strong></span> <span class='ocrx_word' id='word_1_333' title='bbox 1181 2902 1226 2956; x_wconf 78' lang='lat' dir='ltr'><strong>ast,</strong></span> 
     </span>
     <span class='ocr_line' id='line_1_37' title="bbox 229 2961 1224 3024; baseline -0.004 -10"><span class='ocrx_word' id='word_1_334' title='bbox 229 2964 404 3014; x_wconf 86' lang='lat' dir='ltr'><strong>Germanicum</strong></span> <span class='ocrx_word' id='word_1_335' title='bbox 422 2966 554 3014; x_wconf 80' lang='lat' dir='ltr'><strong>admodum</strong></span> <span class='ocrx_word' id='word_1_336' title='bbox 574 2963 637 3010; x_wconf 82' lang='lat' dir='ltr'><strong>male</strong></span> <span class='ocrx_word' id='word_1_337' title='bbox 659 2965 808 3013; x_wconf 76' lang='lat' dir='ltr'><strong>intellexisse</strong></span> <span class='ocrx_word' id='word_1_338' title='bbox 829 2965 902 3012; x_wconf 87' lang='lat' dir='ltr'><strong>ilium</strong></span> <span class='ocrx_word' id='word_1_339' title='bbox 924 2964 995 3012; x_wconf 84' lang='lat' dir='ltr'><strong>Arati</strong></span> <span class='ocrx_word' id='word_1_340' title='bbox 1017 2977 1114 3010; x_wconf 86' lang='lat' dir='ltr'><strong>versum</strong></span> <span class='ocrx_word' id='word_1_341' title='bbox 1138 2961 1224 3024; x_wconf 81' lang='lat'>(542):</span> 
     </span>
     <span class='ocr_line' id='line_1_38' title="bbox 227 3026 1226 3094; baseline -0.004 -17"><span class='ocrx_word' id='word_1_342' title='bbox 227 3027 308 3078; x_wconf 77' lang='grc' dir='ltr'><strong>ὅσσον</strong></span> <span class='ocrx_word' id='word_1_343' title='bbox 325 3028 492 3094; x_wconf 67' lang='grc' dir='ltr'>δ’ὀφθαλμοῖο</span> <span class='ocrx_word' id='word_1_344' title='bbox 509 3028 594 3092; x_wconf 76' lang='grc' dir='ltr'>βολῆς</span> <span class='ocrx_word' id='word_1_345' title='bbox 611 3028 775 3079; x_wconf 82' lang='grc' dir='ltr'>ἀποτείνεται</span> <span class='ocrx_word' id='word_1_346' title='bbox 793 3026 872 3092; x_wconf 76' lang='grc' dir='ltr'><strong>ἀυγή.</strong></span> <span class='ocrx_word' id='word_1_347' title='bbox 905 3029 960 3076; x_wconf 90' lang='lat' dir='ltr'><strong>Hoc</strong></span> <span class='ocrx_word' id='word_1_348' title='bbox 972 3036 1024 3077; x_wconf 89' lang='lat' dir='ltr'><strong>est:</strong></span> <span class='ocrx_word' id='word_1_349' title='bbox 1044 3026 1184 3090; x_wconf 83' lang='lat' dir='ltr'><strong>Quantaque</strong></span> <span class='ocrx_word' id='word_1_350' title='bbox 1195 3026 1226 3074; x_wconf 89' lang='lat' dir='ltr'><strong>ab</strong></span> 
     </span>
     <span class='ocr_line' id='line_1_39' title="bbox 227 3092 1226 3155; baseline -0.006 -11"><span class='ocrx_word' id='word_1_351' title='bbox 227 3096 330 3145; x_wconf 79' lang='lat' dir='ltr'><strong>bumana</strong></span> <span class='ocrx_word' id='word_1_352' title='bbox 341 3113 365 3144; x_wconf 83' lang='lat' dir='ltr'><strong>se</strong></span> <span class='ocrx_word' id='word_1_353' title='bbox 375 3098 451 3144; x_wconf 70' lang='lat' dir='ltr'><strong>ussdit</strong></span> <span class='ocrx_word' id='word_1_354' title='bbox 464 3097 529 3145; x_wconf 82' lang='lat' dir='ltr'><strong>linea</strong></span> <span class='ocrx_word' id='word_1_355' title='bbox 538 3099 598 3144; x_wconf 80' lang='lat' dir='ltr'><strong>uisu.</strong></span> <span class='ocrx_word' id='word_1_356' title='bbox 615 3097 704 3144; x_wconf 85' lang='lat' dir='ltr'><strong>Gnor.</strong></span> <span class='ocrx_word' id='word_1_357' title='bbox 739 3095 801 3144; x_wconf 87' lang='lat' dir='ltr'><strong>Haec</strong></span> <span class='ocrx_word' id='word_1_358' title='bbox 810 3095 888 3144; x_wconf 87' lang='lat' dir='ltr'><strong>versio</strong></span> <span class='ocrx_word' id='word_1_359' title='bbox 900 3100 929 3142; x_wconf 90' lang='lat' dir='ltr'><strong>ut</strong></span> <span class='ocrx_word' id='word_1_360' title='bbox 940 3094 1001 3142; x_wconf 88' lang='lat' dir='ltr'><strong>mihi</strong></span> <span class='ocrx_word' id='word_1_361' title='bbox 1013 3093 1111 3155; x_wconf 87' lang='lat' dir='ltr'><strong>quidem</strong></span> <span class='ocrx_word' id='word_1_362' title='bbox 1123 3092 1226 3149; x_wconf 85' lang='lat' dir='ltr'><strong>videtur,</strong></span> 
     </span>
     <span class='ocr_line' id='line_1_40' title="bbox 226 3155 1227 3224; baseline -0.005 -15"><span class='ocrx_word' id='word_1_363' title='bbox 226 3161 353 3224; x_wconf 85' lang='lat' dir='ltr'><strong>interpreti</strong></span> <span class='ocrx_word' id='word_1_364' title='bbox 365 3161 421 3209; x_wconf 86' lang='lat' dir='ltr'><strong>vitio</strong></span> <span class='ocrx_word' id='word_1_365' title='bbox 432 3161 547 3210; x_wconf 85' lang='lat' dir='ltr'><strong>vertenda</strong></span> <span class='ocrx_word' id='word_1_366' title='bbox 557 3176 607 3209; x_wconf 92' lang='lat' dir='ltr'><strong>uon</strong></span> <span class='ocrx_word' id='word_1_367' title='bbox 617 3166 655 3209; x_wconf 90' lang='lat' dir='ltr'><strong>est</strong></span> <span class='ocrx_word' id='word_1_368' title='bbox 665 3159 773 3208; x_wconf 88' lang='lat' dir='ltr'><strong>omuino.</strong></span> <span class='ocrx_word' id='word_1_369' title='bbox 807 3161 842 3208; x_wconf 88' lang='lat' dir='ltr'><strong>Et</strong></span> <span class='ocrx_word' id='word_1_370' title='bbox 852 3159 954 3206; x_wconf 84' lang='lat' dir='ltr'><strong>fortasse</strong></span> <span class='ocrx_word' id='word_1_371' title='bbox 971 3157 1067 3220; x_wconf 84' lang='lat' dir='ltr'><strong>scripsit</strong></span> <span class='ocrx_word' id='word_1_372' title='bbox 1081 3157 1173 3205; x_wconf 86' lang='lat' dir='ltr'><strong>Autor:</strong></span> <span class='ocrx_word' id='word_1_373' title='bbox 1191 3155 1227 3204; x_wconf 85' lang='lat' dir='ltr'><strong>Et</strong></span> 
     </span>
     <span class='ocr_line' id='line_1_41' title="bbox 228 3221 1226 3290; baseline -0.006 -16"><span class='ocrx_word' id='word_1_374' title='bbox 228 3234 343 3290; x_wconf 85' lang='lat' dir='ltr'><strong>quautam</strong></span> <span class='ocrx_word' id='word_1_375' title='bbox 359 3226 473 3275; x_wconf 85' lang='lat' dir='ltr'><strong>bumauos</strong></span> <span class='ocrx_word' id='word_1_376' title='bbox 483 3229 548 3274; x_wconf 78' lang='lat' dir='ltr'><strong>uissss</strong></span> <span class='ocrx_word' id='word_1_377' title='bbox 558 3227 627 3290; x_wconf 78' lang='lat' dir='ltr'><strong>fisqit</strong></span> <span class='ocrx_word' id='word_1_378' title='bbox 636 3227 734 3274; x_wconf 84' lang='lat' dir='ltr'><strong>ultimus</strong></span> <span class='ocrx_word' id='word_1_379' title='bbox 746 3224 816 3274; x_wconf 82' lang='lat' dir='ltr'><strong>orbis.</strong></span> <span class='ocrx_word' id='word_1_380' title='bbox 849 3223 949 3272; x_wconf 88' lang='lat' dir='ltr'><strong>Etenim</strong></span> <span class='ocrx_word' id='word_1_381' title='bbox 960 3225 1028 3286; x_wconf 75' lang='lat' dir='ltr'><strong>fisqit</strong></span> <span class='ocrx_word' id='word_1_382' title='bbox 1039 3229 1076 3270; x_wconf 93' lang='lat' dir='ltr'><strong>est</strong></span> <span class='ocrx_word' id='word_1_383' title='bbox 1085 3221 1186 3270; x_wconf 81' lang='lat' dir='ltr'><strong>discedit</strong></span> <span class='ocrx_word' id='word_1_384' title='bbox 1196 3221 1226 3269; x_wconf 91' lang='lat' dir='ltr'><strong>ab</strong></span> 
     </span>
     <span class='ocr_line' id='line_1_42' title="bbox 228 3285 1226 3344; baseline -0.004 -6"><span class='ocrx_word' id='word_1_385' title='bbox 228 3291 305 3339; x_wconf 87' lang='lat' dir='ltr'><strong>oculis</strong></span> <span class='ocrx_word' id='word_1_386' title='bbox 315 3291 421 3340; x_wconf 87' lang='lat' dir='ltr'><strong>hominis</strong></span> <span class='ocrx_word' id='word_1_387' title='bbox 432 3299 556 3340; x_wconf 85' lang='lat' dir='ltr'><strong>extremus</strong></span> <span class='ocrx_word' id='word_1_388' title='bbox 568 3291 623 3340; x_wconf 89' lang='lat' dir='ltr'><strong>coeli</strong></span> <span class='ocrx_word' id='word_1_389' title='bbox 634 3291 748 3340; x_wconf 79' lang='lat' dir='ltr'><strong>ambitus.</strong></span> <span class='ocrx_word' id='word_1_390' title='bbox 783 3290 848 3341; x_wconf 82' lang='lat' dir='ltr'><strong>Quis</strong></span> <span class='ocrx_word' id='word_1_391' title='bbox 857 3289 925 3337; x_wconf 88' lang='lat' dir='ltr'><strong>locus</strong></span> <span class='ocrx_word' id='word_1_392' title='bbox 937 3289 1061 3336; x_wconf 90' lang='lat' dir='ltr'><strong>obscurior</strong></span> <span class='ocrx_word' id='word_1_393' title='bbox 1077 3293 1121 3344; x_wconf 90' lang='lat' dir='ltr'><strong>est,</strong></span> <span class='ocrx_word' id='word_1_394' title='bbox 1139 3285 1226 3334; x_wconf 85' lang='lat' dir='ltr'><strong>addam</strong></span> 
     </span>
     <span class='ocr_line' id='line_1_43' title="bbox 228 3350 1228 3418; baseline -0.004 -16"><span class='ocrx_word' id='word_1_395' title='bbox 228 3355 344 3418; x_wconf 83' lang='lat' dir='ltr'><strong>Scaligeri</strong></span> <span class='ocrx_word' id='word_1_396' title='bbox 355 3357 536 3404; x_wconf 73' lang='lat' dir='ltr'><strong>annotationem</strong></span> <span class='ocrx_word' id='word_1_397' title='bbox 551 3357 582 3404; x_wconf 89' lang='lat' dir='ltr'><strong>ad</strong></span> <span class='ocrx_word' id='word_1_398' title='bbox 600 3356 698 3405; x_wconf 88' lang='lat' dir='ltr'><strong>Manilii</strong></span> <span class='ocrx_word' id='word_1_399' title='bbox 711 3355 753 3405; x_wconf 91' lang='lat' dir='ltr'><strong>lib.</strong></span> <span class='ocrx_word' id='word_1_400' title='bbox 765 3355 786 3404; x_wconf 90' lang='grc' dir='ltr'><strong>Ι.</strong></span> <span class='ocrx_word' id='word_1_401' title='bbox 804 3371 827 3402; x_wconf 85' lang='lat' dir='ltr'><strong>v.</strong></span> <span class='ocrx_word' id='word_1_402' title='bbox 838 3356 894 3414; x_wconf 87' lang='grc'><strong>545,</strong></span> <span class='ocrx_word' id='word_1_403' title='bbox 906 3369 971 3417; x_wconf 88' lang='lat' dir='ltr'><strong>seqq.</strong></span> <span class='ocrx_word' id='word_1_404' title='bbox 984 3369 1039 3417; x_wconf 83' lang='lat' dir='ltr'><strong>quae</strong></span> <span class='ocrx_word' id='word_1_405' title='bbox 1049 3367 1101 3400; x_wconf 90' lang='lat' dir='ltr'><strong>rem</strong></span> <span class='ocrx_word' id='word_1_406' title='bbox 1113 3350 1228 3414; x_wconf 85' lang='lat' dir='ltr'><strong>explanat</strong></span> 
     </span>
     <span class='ocr_line' id='line_1_44' title="bbox 226 3417 1228 3484; baseline -0.006 -15"><span class='ocrx_word' id='word_1_407' title='bbox 226 3421 341 3471; x_wconf 77' lang='lat' dir='ltr'><strong>aurifice:</strong></span> <span class='ocrx_word' id='word_1_408' title='bbox 360 3425 374 3450; x_wconf 75' lang='lat'><strong>‘⁶</strong></span> <span class='ocrx_word' id='word_1_409' title='bbox 387 3421 498 3469; x_wconf 89' lang='lat' dir='ltr'><strong>Mundus</strong></span> <span class='ocrx_word' id='word_1_410' title='bbox 508 3427 546 3469; x_wconf 87' lang='lat' dir='ltr'><strong>est</strong></span> <span class='ocrx_word' id='word_1_411' title='bbox 560 3422 626 3484; x_wconf 72' lang='lat' dir='ltr'><strong>pilae</strong></span> <span class='ocrx_word' id='word_1_412' title='bbox 643 3429 707 3470; x_wconf 88' lang='lat' dir='ltr'><strong>terra</strong></span> <span class='ocrx_word' id='word_1_413' title='bbox 726 3427 845 3478; x_wconf 86' lang='lat' dir='ltr'><strong>centrum,</strong></span> <span class='ocrx_word' id='word_1_414' title='bbox 866 3435 894 3468; x_wconf 82' lang='lat' dir='ltr'><strong>ac</strong></span> <span class='ocrx_word' id='word_1_415' title='bbox 911 3435 955 3467; x_wconf 90' lang='lat' dir='ltr'><strong>nos</strong></span> <span class='ocrx_word' id='word_1_416' title='bbox 974 3419 1073 3482; x_wconf 90' lang='lat' dir='ltr'><strong>quidem</strong></span> <span class='ocrx_word' id='word_1_417' title='bbox 1093 3417 1135 3479; x_wconf 90' lang='lat' dir='ltr'><strong>qui</strong></span> <span class='ocrx_word' id='word_1_418' title='bbox 1153 3417 1179 3463; x_wconf 94' lang='lat' dir='ltr'><strong>in</strong></span> <span class='ocrx_word' id='word_1_419' title='bbox 1198 3431 1228 3464; x_wconf 87' lang='lat' dir='ltr'><strong>ea</strong></span> 
     </span>
     <span class='ocr_line' id='line_1_45' title="bbox 227 3479 1226 3548; baseline -0.006 -14"><span class='ocrx_word' id='word_1_420' title='bbox 227 3501 321 3544; x_wconf 90' lang='lat' dir='ltr'><strong>sumus,</strong></span> <span class='ocrx_word' id='word_1_421' title='bbox 340 3487 417 3535; x_wconf 89' lang='lat' dir='ltr'><strong>centri</strong></span> <span class='ocrx_word' id='word_1_422' title='bbox 433 3486 512 3534; x_wconf 88' lang='lat' dir='ltr'><strong>vicem</strong></span> <span class='ocrx_word' id='word_1_423' title='bbox 531 3487 676 3535; x_wconf 87' lang='lat' dir='ltr'><strong>obtinemus.</strong></span> <span class='ocrx_word' id='word_1_424' title='bbox 710 3485 816 3534; x_wconf 90' lang='lat' dir='ltr'><strong>Necesse</strong></span> <span class='ocrx_word' id='word_1_425' title='bbox 832 3485 915 3548; x_wconf 78' lang='lat' dir='ltr'><strong>igitur,</strong></span> <span class='ocrx_word' id='word_1_426' title='bbox 933 3492 1010 3533; x_wconf 87' lang='lat' dir='ltr'><strong>rectas</strong></span> <span class='ocrx_word' id='word_1_427' title='bbox 1026 3484 1103 3531; x_wconf 86' lang='lat' dir='ltr'><strong>lineas</strong></span> <span class='ocrx_word' id='word_1_428' title='bbox 1114 3482 1144 3530; x_wconf 90' lang='lat' dir='ltr'><strong>ab</strong></span> <span class='ocrx_word' id='word_1_429' title='bbox 1154 3479 1226 3529; x_wconf 86' lang='lat' dir='ltr'><strong>oculo</strong></span> 
     </span>
     <span class='ocr_line' id='line_1_46' title="bbox 226 3546 1227 3614; baseline -0.005 -16"><span class='ocrx_word' id='word_1_430' title='bbox 226 3552 346 3601; x_wconf 87' lang='lat' dir='ltr'><strong>nostruin</strong></span> <span class='ocrx_word' id='word_1_431' title='bbox 358 3551 449 3600; x_wconf 83' lang='lat' dir='ltr'><strong>coeium</strong></span> <span class='ocrx_word' id='word_1_432' title='bbox 456 3551 543 3613; x_wconf 81' lang='lat' dir='ltr'><strong>jactas,</strong></span> <span class='ocrx_word' id='word_1_433' title='bbox 554 3551 661 3614; x_wconf 83' lang='lat' dir='ltr'><strong>aequales</strong></span> <span class='ocrx_word' id='word_1_434' title='bbox 672 3565 725 3598; x_wconf 87' lang='lat' dir='ltr'><strong>esse</strong></span> <span class='ocrx_word' id='word_1_435' title='bbox 737 3566 830 3600; x_wconf 85' lang='lat' dir='ltr'><strong>omnes.</strong></span> <span class='ocrx_word' id='word_1_436' title='bbox 864 3551 963 3601; x_wconf 78' lang='lat' dir='ltr'><strong>Quanta</strong></span> <span class='ocrx_word' id='word_1_437' title='bbox 973 3550 1019 3596; x_wconf 86' lang='lat' dir='ltr'><strong>erit</strong></span> <span class='ocrx_word' id='word_1_438' title='bbox 1029 3548 1094 3596; x_wconf 90' lang='lat' dir='ltr'><strong>linea</strong></span> <span class='ocrx_word' id='word_1_439' title='bbox 1101 3548 1127 3594; x_wconf 94' lang='lat' dir='ltr'><strong>in</strong></span> <span class='ocrx_word' id='word_1_440' title='bbox 1135 3546 1227 3594; x_wconf 84' lang='lat' dir='ltr'><strong>coelum</strong></span> 
     </span>
     <span class='ocr_line' id='line_1_47' title="bbox 226 3611 1226 3679; baseline -0.007 -15"><span class='ocrx_word' id='word_1_441' title='bbox 226 3617 256 3664; x_wconf 90' lang='lat' dir='ltr'><strong>ab</strong></span> <span class='ocrx_word' id='word_1_442' title='bbox 268 3616 338 3665; x_wconf 88' lang='lat' dir='ltr'><strong>oculo</strong></span> <span class='ocrx_word' id='word_1_443' title='bbox 356 3618 437 3676; x_wconf 85' lang='lat' dir='ltr'><strong>ducta,</strong></span> <span class='ocrx_word' id='word_1_444' title='bbox 456 3623 535 3664; x_wconf 68' lang='lat' dir='ltr'><strong>unus</strong></span> <span class='ocrx_word' id='word_1_445' title='bbox 555 3617 671 3664; x_wconf 90' lang='lat' dir='ltr'><strong>debemus</strong></span> <span class='ocrx_word' id='word_1_446' title='bbox 688 3631 732 3664; x_wconf 88' lang='lat' dir='ltr'><strong>sex</strong></span> <span class='ocrx_word' id='word_1_447' title='bbox 750 3617 826 3664; x_wconf 90' lang='lat' dir='ltr'><strong>lineas</strong></span> <span class='ocrx_word' id='word_1_448' title='bbox 843 3631 887 3679; x_wconf 89' lang='lat' dir='ltr'><strong>per</strong></span> <span class='ocrx_word' id='word_1_449' title='bbox 905 3623 984 3662; x_wconf 88' lang='lat' dir='ltr'><strong>totum</strong></span> <span class='ocrx_word' id='word_1_450' title='bbox 1002 3613 1087 3662; x_wconf 87' lang='lat' dir='ltr'><strong>circuli</strong></span> <span class='ocrx_word' id='word_1_451' title='bbox 1106 3611 1226 3659; x_wconf 88' lang='lat' dir='ltr'><strong>ambitum</strong></span> 
     </span>
     <span class='ocr_line' id='line_1_48' title="bbox 226 3676 1225 3744; baseline -0.006 -15"><span class='ocrx_word' id='word_1_452' title='bbox 226 3681 362 3744; x_wconf 75' lang='lat' dir='ltr'><strong>imaginari.</strong></span> <span class='ocrx_word' id='word_1_453' title='bbox 396 3682 459 3733; x_wconf 82' lang='lat' dir='ltr'><strong>Quae</strong></span> <span class='ocrx_word' id='word_1_454' title='bbox 471 3681 683 3744; x_wconf 82' lang='lat' dir='ltr'><strong>sioequidistantes</strong></span> <span class='ocrx_word' id='word_1_455' title='bbox 701 3688 863 3736; x_wconf 88' lang='lat' dir='ltr'><strong>assumantur,</strong></span> <span class='ocrx_word' id='word_1_456' title='bbox 881 3679 923 3728; x_wconf 88' lang='lat' dir='ltr'><strong>iilo</strong></span> <span class='ocrx_word' id='word_1_457' title='bbox 941 3679 1019 3742; x_wconf 85' lang='lat' dir='ltr'><strong>spatio</strong></span> <span class='ocrx_word' id='word_1_458' title='bbox 1037 3679 1084 3725; x_wconf 93' lang='lat' dir='ltr'><strong>duo</strong></span> <span class='ocrx_word' id='word_1_459' title='bbox 1103 3676 1225 3739; x_wconf 90' lang='lat' dir='ltr'><strong>complec-</strong></span> 
     </span>
     <span class='ocr_line' id='line_1_49' title="bbox 227 3740 1226 3809; baseline -0.004 -15"><span class='ocrx_word' id='word_1_460' title='bbox 227 3754 309 3794; x_wconf 87' lang='lat' dir='ltr'><strong>tentur</strong></span> <span class='ocrx_word' id='word_1_461' title='bbox 320 3747 419 3796; x_wconf 86' lang='lat' dir='ltr'><strong>Zodiaci</strong></span> <span class='ocrx_word' id='word_1_462' title='bbox 428 3747 626 3796; x_wconf 86' lang='lat' dir='ltr'><strong>dodecatemoria.</strong></span> <span class='ocrx_word' id='word_1_463' title='bbox 660 3747 700 3794; x_wconf 90' lang='lat' dir='ltr'><strong>Sic</strong></span> <span class='ocrx_word' id='word_1_464' title='bbox 712 3747 840 3794; x_wconf 88' lang='lat' dir='ltr'><strong>conficient</strong></span> <span class='ocrx_word' id='word_1_465' title='bbox 850 3743 980 3809; x_wconf 71' lang='grc' dir='ltr'><strong>ἑξάγωνον</strong></span> <span class='ocrx_word' id='word_1_466' title='bbox 992 3744 1090 3807; x_wconf 84' lang='grc' dir='ltr'><strong>σχῆμα.</strong></span> <span class='ocrx_word' id='word_1_467' title='bbox 1123 3740 1189 3790; x_wconf 88' lang='lat' dir='ltr'><strong>Nam</strong></span> <span class='ocrx_word' id='word_1_468' title='bbox 1199 3741 1226 3790; x_wconf 87' lang='lat' dir='ltr'><strong>in</strong></span> 
     </span>
     <span class='ocr_line' id='line_1_50' title="bbox 227 3806 1226 3873; baseline -0.006 -14"><span class='ocrx_word' id='word_1_469' title='bbox 227 3811 317 3860; x_wconf 88' lang='lat' dir='ltr'><strong>circulo</strong></span> <span class='ocrx_word' id='word_1_470' title='bbox 329 3812 393 3861; x_wconf 88' lang='lat' dir='ltr'><strong>linea</strong></span> <span class='ocrx_word' id='word_1_471' title='bbox 403 3829 418 3860; x_wconf 91' lang='lat' dir='ltr'><strong>a</strong></span> <span class='ocrx_word' id='word_1_472' title='bbox 429 3819 512 3861; x_wconf 89' lang='lat' dir='ltr'><strong>centro</strong></span> <span class='ocrx_word' id='word_1_473' title='bbox 524 3813 554 3860; x_wconf 88' lang='lat' dir='ltr'><strong>ad</strong></span> <span class='ocrx_word' id='word_1_474' title='bbox 565 3812 784 3862; x_wconf 84' lang='lat' dir='ltr'><strong>circumferentiam</strong></span> <span class='ocrx_word' id='word_1_475' title='bbox 801 3811 874 3859; x_wconf 90' lang='lat' dir='ltr'><strong>ducta</strong></span> <span class='ocrx_word' id='word_1_476' title='bbox 887 3810 988 3873; x_wconf 82' lang='lat' dir='ltr'><strong>aequalis</strong></span> <span class='ocrx_word' id='word_1_477' title='bbox 999 3817 1036 3858; x_wconf 90' lang='lat' dir='ltr'><strong>est</strong></span> <span class='ocrx_word' id='word_1_478' title='bbox 1045 3809 1075 3863; x_wconf 89' lang='lat' dir='ltr'><strong>ei,</strong></span> <span class='ocrx_word' id='word_1_479' title='bbox 1094 3821 1149 3870; x_wconf 76' lang='lat' dir='ltr'><strong>quse</strong></span> <span class='ocrx_word' id='word_1_480' title='bbox 1159 3806 1226 3854; x_wconf 85' lang='lat' dir='ltr'><strong>intus</strong></span> 
     </span>
     <span class='ocr_line' id='line_1_51' title="bbox 226 3870 1226 3940; baseline -0.002 -17"><span class='ocrx_word' id='word_1_481' title='bbox 226 3876 253 3925; x_wconf 88' lang='lat' dir='ltr'><strong>in</strong></span> <span class='ocrx_word' id='word_1_482' title='bbox 264 3877 354 3926; x_wconf 88' lang='lat' dir='ltr'><strong>circulo</strong></span> <span class='ocrx_word' id='word_1_483' title='bbox 371 3878 402 3926; x_wconf 88' lang='lat' dir='ltr'><strong>ad</strong></span> <span class='ocrx_word' id='word_1_484' title='bbox 417 3877 637 3927; x_wconf 75' lang='lat' dir='ltr'><strong>circumferentiam</strong></span> <span class='ocrx_word' id='word_1_485' title='bbox 657 3877 778 3940; x_wconf 83' lang='lat' dir='ltr'><strong>descripta</strong></span> <span class='ocrx_word' id='word_1_486' title='bbox 796 3876 860 3924; x_wconf 86' lang='lat' dir='ltr'><strong>latus</strong></span> <span class='ocrx_word' id='word_1_487' title='bbox 878 3874 999 3938; x_wconf 87' lang='lat' dir='ltr'><strong>hexagoni</strong></span> <span class='ocrx_word' id='word_1_488' title='bbox 1018 3870 1226 3922; x_wconf 84' lang='lat' dir='ltr'><strong>efficit.”-SCH.</strong></span> 
     </span>
     <span class='ocr_line' id='line_1_52' title="bbox 225 3941 852 4005; baseline -0.002 -15"><span class='ocrx_word' id='word_1_489' title='bbox 225 3943 343 3991; x_wconf 88' lang='lat' dir='ltr'><strong>—Nee</strong></span> <span class='ocrx_word' id='word_1_490' title='bbox 355 3950 434 3991; x_wconf 83' lang='lat' dir='ltr'><strong>tamea</strong></span> <span class='ocrx_word' id='word_1_491' title='bbox 444 3943 587 3992; x_wconf 73' lang='lat' dir='ltr'><strong>iutuemouos</strong></span> <span class='ocrx_word' id='word_1_492' title='bbox 598 3943 629 3991; x_wconf 91' lang='lat' dir='ltr'><strong>A.</strong></span> <span class='ocrx_word' id='word_1_493' title='bbox 639 3943 719 4005; x_wconf 71' lang='lat' dir='ltr'><strong>sulpit</strong></span> <span class='ocrx_word' id='word_1_494' title='bbox 730 3941 852 3990; x_wconf 72' lang='lat' dir='ltr'><strong>A-olu</strong></span> 
     </span>
    </p>

    <p class='ocr_par' dir='ltr' id='par_1_14' title="bbox 259 3999 1227 4069">
     <span class='ocr_line' id='line_1_53' title="bbox 259 3999 1227 4069; baseline -0.007 -14"><span class='ocrx_word' id='word_1_495' title='bbox 259 4009 314 4056; x_wconf 87' lang='grc'><strong>534.</strong></span> <span class='ocrx_word' id='word_1_496' title='bbox 331 4009 377 4056; x_wconf 88' lang='lat' dir='ltr'><strong>Bis</strong></span> <span class='ocrx_word' id='word_1_497' title='bbox 387 4012 448 4057; x_wconf 82' lang='lat' dir='ltr'><strong>senis</strong></span> <span class='ocrx_word' id='word_1_498' title='bbox 458 4008 537 4056; x_wconf 66' lang='lat' dir='ltr'><strong>buada</strong></span> <span class='ocrx_word' id='word_1_499' title='bbox 555 4007 640 4069; x_wconf 75' lang='lat' dir='ltr'><strong>siquis]</strong></span> <span class='ocrx_word' id='word_1_500' title='bbox 660 4008 700 4054; x_wconf 90' lang='lat' dir='ltr'><strong>Sic</strong></span> <span class='ocrx_word' id='word_1_501' title='bbox 711 4007 783 4055; x_wconf 89' lang='lat' dir='ltr'><strong>alibi:</strong></span> <span class='ocrx_word' id='word_1_502' title='bbox 806 4005 861 4054; x_wconf 88' lang='lat' dir='ltr'><strong>Uua</strong></span> <span class='ocrx_word' id='word_1_503' title='bbox 873 4007 912 4054; x_wconf 87' lang='lat' dir='ltr'><strong>uia</strong></span> <span class='ocrx_word' id='word_1_504' title='bbox 923 4011 957 4053; x_wconf 88' lang='lat' dir='ltr'><strong>est</strong></span> <span class='ocrx_word' id='word_1_505' title='bbox 966 4004 1023 4052; x_wconf 83' lang='lat' dir='ltr'><strong>solis</strong></span> <span class='ocrx_word' id='word_1_506' title='bbox 1034 3999 1131 4050; x_wconf 76' lang='lat' dir='ltr'><strong>bissenis</strong></span> <span class='ocrx_word' id='word_1_507' title='bbox 1147 4001 1227 4050; x_wconf 82' lang='lat' dir='ltr'><strong>lueida</strong></span> 
     </span>
    </p>
   </div>
   <div class='ocr_carea' id='block_1_3' title="bbox 225 4065 1227 4138">
    <p class='ocr_par' dir='ltr' id='par_1_15' title="bbox 225 4065 1227 4138">
     <span class='ocr_line' id='line_1_54' title="bbox 225 4065 1227 4138; baseline -0.008 -16"><span class='ocrx_word' id='word_1_508' title='bbox 225 4074 306 4136; x_wconf 69' lang='lat' dir='ltr'><strong>uque.</strong></span> <span class='ocrx_word' id='word_1_509' title='bbox 340 4073 413 4126; x_wconf 77' lang='lat' dir='ltr'><strong>Quod</strong></span> <span class='ocrx_word' id='word_1_510' title='bbox 430 4074 595 4138; x_wconf 76' lang='lat' dir='ltr'><strong>fragmentum</strong></span> <span class='ocrx_word' id='word_1_511' title='bbox 619 4071 767 4134; x_wconf 87' lang='lat' dir='ltr'><strong>Germanioi,</strong></span> <span class='ocrx_word' id='word_1_512' title='bbox 787 4071 845 4135; x_wconf 89' lang='lat' dir='ltr'><strong>quia</strong></span> <span class='ocrx_word' id='word_1_513' title='bbox 863 4069 1074 4134; x_wconf 82' lang='lat' dir='ltr'><strong>elegantissimum</strong></span> <span class='ocrx_word' id='word_1_514' title='bbox 1092 4072 1136 4126; x_wconf 80' lang='lat' dir='ltr'><strong>est,</strong></span> <span class='ocrx_word' id='word_1_515' title='bbox 1156 4065 1227 4115; x_wconf 88' lang='lat' dir='ltr'><strong>etad</strong></span> 
     </span>
    </p>
   </div>
   <div class='ocr_carea' id='block_1_4' title="bbox 0 0 1459 4838">
    <p class='ocr_par' dir='ltr' id='par_1_16' title="bbox 0 0 1459 4838">
     <span class='ocr_line' id='line_1_55' title="bbox 0 0 1459 4838; baseline 0 0"><span class='ocrx_word' id='word_1_516' title='bbox 0 0 1459 4838; x_wconf 95' lang='lat' dir='ltr'><strong> </strong></span> 
     </span>
    </p>
   </div>
  </div>
 </body>
</html>
