2868 4848
634 637 791 685 sononia.¹
1169 619 1207 684 51

213 779 441 859 infestantem
465 781 517 845 cui
532 779 618 848 Cani
630 781 732 846 fatum
747 789 807 858 est,
818 802 859 844 ne
868 781 908 845 ab
918 779 984 845 ullo
996 790 1103 865 posset
1111 779 1211 846 inter-

214 868 278 945 fici,
291 868 434 953 itemque
449 865 561 952 Vulpi.
607 866 736 952 Jupiter
755 889 829 933 vero
849 865 992 952 Vulpem
1016 866 1052 930 in
1071 867 1211 952 lapidem

215 953 383 1032 convertit,
400 964 434 1018 et
449 951 573 1020 Canem
588 953 680 1018 astris
695 954 816 1018 intulit.
862 952 1076 1038 Amphianus,
1090 964 1211 1038 tragoe-

215 1040 339 1103 diarum
369 1040 514 1124 scriptor,
542 1039 652 1120 refert,
680 1040 766 1126 quod
794 1061 868 1104 cum
896 1039 1078 1104 hominibus
1108 1040 1210 1105 stella

213 1126 433 1211 relinquerent
441 1127 557 1204 lo'cum,
569 1127 681 1190 missus
692 1138 741 1192 est
749 1127 873 1210 legatus
886 1123 984 1191 Canis
993 1127 1034 1190 ad
1045 1126 1211 1208 Doloram,

215 1233 310 1296 quam
327 1221 365 1276 ut
379 1213 469 1290 vidit,
486 1223 629 1297 tempore
645 1213 834 1297 tempestivo
855 1212 1032 1290 adamavit;
1056 1213 1113 1299 qui
1136 1234 1210 1278 cum

213 1299 363 1381 flagraret
375 1321 493 1376 amore,
506 1321 564 1363 nec
574 1311 683 1384 posset
691 1299 765 1376 frui,
776 1299 876 1382 magis
885 1299 1027 1383 asperius
1038 1299 1209 1378 urebatur,

215 1384 395 1448 calamitate
417 1395 558 1470 accepta,
582 1396 616 1450 et
637 1385 725 1450 Deos
746 1386 907 1470 adjutores
926 1385 1071 1450 invocare
1093 1385 1209 1470 caepit;

214 1480 285 1532 tum
296 1470 404 1555 aquilo
416 1471 504 1534 misit
513 1471 596 1535 filios
606 1493 679 1534 suos
691 1472 906 1537 adolescentes
918 1471 974 1556 qui
987 1493 1116 1555 operam
1130 1471 1210 1536 Cani

214 1555 389 1633 traderent,
417 1567 450 1621 et
463 1557 532 1641 ipse
547 1557 626 1622 flatu
647 1579 705 1621 suo
722 1558 818 1622 Canis
841 1559 986 1622 ardorem
1002 1558 1133 1635 sedavit,
1152 1558 1209 1643 qui

213 1641 308 1705 flatus
329 1642 451 1706 Etesiae
470 1643 599 1721 dicitur3
625 1644 739 1708 amoris
752 1655 860 1708 autem
875 1643 1030 1708 memoria
1043 1647 1207 1709 remansit.

259 1727 342 1792 Sunt
359 1729 415 1814 qui
430 1728 524 1794 aliter
538 1742 726 1795 memorent.
773 1728 894 1794 Icarius
906 1753 925 1793 a
936 1729 1054 1794 Libero
1069 1729 1208 1814 hospitio

211 1826 360 1899 receptus
377 1826 436 1892 est,
452 1816 507 1902 qui
523 1816 552 1879 ei
567 1816 600 1879 in
616 1838 749 1881 munere
770 1828 875 1880 utrem
898 1816 1030 1900 plenum
1053 1816 1127 1880 vino
1152 1817 1209 1880 tri-

211 1900 296 1977 buit,
303 1901 474 1987 jussitque,
485 1913 522 1965 ut
533 1903 567 1966 in
576 1903 714 1988 reliquas
727 1914 827 1967 terras
840 1913 1039 1987 propagaret.
1086 1901 1208 1968 Icarius

212 1985 327 2051 dehinc
349 1987 540 2066 Athenaeus,
565 2010 637 2052 cum
652 1991 686 2052 in
701 1999 820 2053 terram
845 1989 990 2053 Atticam
1005 1988 1045 2052 ad
1065 1999 1208 2073 posteros

212 2071 403 2151 devenisset,
426 2075 471 2138 eis
495 2097 595 2158 genus
615 2075 675 2138 hoc
690 2075 855 2140 suavitatis
879 2075 1042 2152 ostendit3
1065 2085 1208 2159 pastores

212 2169 321 2222 autem
350 2182 423 2223 cum
449 2161 690 2225 immoderatius
714 2161 873 2238 biberent,
899 2162 979 2226 ebrii
1001 2161 1078 2225 facti
1104 2161 1208 2225 conci-

211 2245 339 2311 derunt.
384 2245 452 2313 Qui
478 2247 669 2313 arbitrantes
697 2246 836 2312 Icarium
857 2247 977 2312 malum
997 2247 1209 2311 medicamen·

213 2343 282 2394 tum
299 2333 360 2396 sibi
375 2333 509 2410 dedisse,
530 2357 605 2398 eum
624 2333 762 2398 fustibus
782 2334 1022 2398 interfecerunt.
1069 2332 1208 2397 Icarium

211 2429 321 2481 autem
335 2420 473 2483 occisum
489 2418 599 2498 Canis,
615 2421 671 2506 qui
686 2442 759 2484 cum
773 2421 937 2497 coluerat,
955 2418 1058 2484 Maera
1066 2421 1206 2499 nomine,

211 2503 351 2580 ululans,
367 2505 521 2589 Erigonae
536 2508 605 2591 ejus
616 2508 692 2571 filiae
708 2506 906 2584 monstravit,
931 2507 988 2570 ubi
1008 2517 1100 2590 pater
1122 2507 1207 2570 inse-

210 2589 323 2673 pultus
333 2593 474 2675 jaceret3
498 2616 571 2677 quae
586 2616 660 2657 cum
675 2593 824 2670 venisset,
840 2594 909 2678 ejus
925 2615 1039 2677 corpus
1050 2592 1206 2676 sepelivit,

211 2676 347 2761 ipsaque
368 2701 401 2741 se
422 2679 457 2742 in
472 2689 581 2744 monte
606 2679 766 2764 Hymetto
787 2679 933 2756 contulit,
958 2679 1068 2762 ibique
1092 2679 1208 2763 laqueo

211 2763 272 2826 sibi
287 2775 423 2828 mortem
438 2765 599 2830 conscivit.
645 2765 738 2830 Tunc
753 2766 869 2830 dicitur
885 2765 984 2829 Liber
998 2788 1017 2829 a
1032 2765 1110 2828 Jove
1125 2765 1208 2848 peti-

200 2849 284 2926 asse,
306 2860 345 2914 ut
370 2850 546 2935 Erigonem
568 2864 602 2916 et
617 2852 756 2916 Icarium
778 2852 869 2916 astris
892 2851 1033 2916 inferret.
1078 2849 1207 2934 Jupiter

210 2947 332 3014 autem,
348 2938 456 3002 audita
471 2940 540 3024 ejus
556 2939 722 3023 petitione,
738 2939 914 3022 Erigonem
924 2937 1051 3020 signum
1061 2935 1207 3020 Virginis

211 3023 405 3102 nominavit3
431 3024 572 3089 Icarium
606 3037 714 3090 autem
751 3038 876 3109 patrem
906 3025 985 3110 ejus,
1017 3023 1205 3089 Arcturum.

213 3106 281 3174 Qui
296 3132 371 3173 oum
386 3112 543 3188 exoritur,
568 3123 776 3196 tempestates
800 3111 881 3175 mari
904 3121 1064 3194 terraeque
1086 3110 1204 3187 efficit;

210 3216 349 3279 cumque
366 3197 513 3264 Athenas
524 3199 709 3282 pestilentia
723 3197 929 3282 opprimeret,
947 3219 989 3260 ex
1010 3195 1137 3260 oraculo
1157 3219 1207 3260 re·

210 3303 363 3364 sponsum
379 3295 438 3361 est,
454 3295 647 3350 cessaturam
662 3284 889 3369 pestilentiam,
906 3283 933 3347 si
948 3306 1005 3368 per
1020 3305 1119 3346 annos
1142 3283 1207 3346 sin-

210 3368 302 3450 gulos
317 3369 356 3433 de
371 3369 517 3454 frugibus
532 3384 566 3434 et
576 3371 735 3436 vindemia
747 3369 850 3434 Icario
859 3380 892 3434 et
900 3370 1054 3452 Erigonae
1065 3369 1205 3454 primum

210 3454 416 3520 delibaretur.
464 3455 563 3523 Quod
581 3456 702 3522 factum
726 3468 775 3521 est
797 3457 837 3520 ab
858 3456 1123 3532 Atheniensibus,
1149 3455 1207 3539 qui

210 3539 324 3604 diebus
350 3541 439 3607 festis
462 3543 620 3608 institutis
649 3567 718 3608 aras
748 3543 1003 3620 constituerunt;
1027 3543 1099 3608 ideo
1130 3542 1207 3626 quia

209 3625 296 3691 illam
313 3629 509 3712 pendentem
532 3640 739 3714 aspexerunt,
765 3630 852 3714 quod
874 3642 923 3694 est
944 3630 1029 3713 apud
1054 3629 1204 3706 Graecos,
1301 3665 1303 3669 ν

210 3735 253 3776 ex
269 3736 334 3796 quo
349 3713 470 3779 factum
490 3727 551 3793 est,
570 3727 610 3780 ut
630 3717 688 3780 soli
708 3717 815 3781 oscillo
832 3718 1031 3801 jactarentur
1050 3715 1204 3778 homines.

210 3796 309 3864 Canis
324 3811 433 3865 autem
450 3801 554 3880 Icarii,
576 3802 633 3887 qui
654 3803 781 3866 ululans
805 3814 881 3867 ante
900 3803 1015 3888 pedem
1036 3799 1205 3886 pendentis

209 3883 355 3970 Virginis
374 3898 520 3952 mortuus
540 3901 600 3967 est,
620 3889 801 3973 Astrocyon
821 3890 1016 3966 nominatur,
1042 3887 1128 3971 quod
1147 3908 1205 3950 nos

211 3972 307 4037 Canis
322 3974 447 4038 stellam
462 3975 615 4053 dicimus3
639 3976 695 4059 qui
710 3976 751 4039 ob
766 3976 899 4039 eandem
914 3997 1052 4051 causam,
1078 3972 1206 4056 quando

210 4060 368 4138 exoritur,
379 4083 536 4125 summam
545 4061 761 4146 pestilentiam
769 4062 955 4131 hominibus
964 4060 1049 4124 facit.
1095 4057 1206 4122 Habet

210 4157 318 4212 autem
333 4147 451 4226 stellas,
463 4148 499 4212 in
513 4148 617 4234 capite
633 4171 742 4227 unam,
765 4171 839 4232 quae
861 4147 922 4212 Isis
942 4147 1070 4224 dicitur,
1091 4145 1206 4210 claram
