2868 4848
274 534 313 586 xii
609 549 752 588 rnnrsrro
765 549 954 588 scnwsurzrr.

170 703 173 710 ·
275 680 346 736 Susii
365 678 561 748 manuscriptus
578 677 669 746 codex,
686 686 744 733 tum
756 680 877 734 divinum
889 679 1013 734 Grotiiin
1047 681 1123 734 nium
1142 680 1235 734 multis
1246 681 1273 734 in

272 751 337 804 locis
347 749 459 803 mirifice
466 766 511 819 spe
522 749 816 804 restituendaelectionis
826 767 957 820 gennano
968 768 1021 822 prae
1033 757 1113 805 ucent
1123 751 1273 806 editoribus.

273 821 344 876 Mihi
352 821 460 890 quidem
471 819 592 873 universa
603 819 659 874 hmo
672 819 794 890 praesidia
803 821 882 891 longe
893 822 1077 892 antiquissima
1087 821 1203 887 fuerunt,
1214 830 1241 875 et
1252 822 1273 875 si

273 908 467 962 usquequaque
486 891 743 960 circumspectiones
763 899 867 945 userat
904 891 1071 946 EtaGrotio
1091 891 1199 961 quidem
1210 909 1273 946 curn

273 962 346 1032 qnod
364 962 400 1015 ad
419 961 591 1030 conjecturas,
611 969 670 1014 tum
690 909 761 1030 quod
772 961 807 1015 nd
825 969 901 1016 notas
920 963 1039 1032 pertinet,
1058 962 1181 1016 dissidere
1198 963 1274 1033 coepi,

273 1033 376 1103 quoties
399 1031 529 1102 graviores
552 1047 638 1084 ceusu
662 1048 729 1100 quas
754 1031 807 1085 sere
834 1033 971 1103 subjunxi,
999 1034 1150 1104 coegerunt
1204 1032 1275 1086 Sunt

272 1110 363 1156 autem
380 1118 466 1156 causae
483 1100 537 1153 ills
557 1100 598 1154 vel
618 1102 692 1154 Arati
711 1118 803 1168 sermo,
822 1119 901 1172 quem
919 1120 937 1155 a
956 1103 1114 1156 Germanico
1132 1103 1274 1156 nonintel-

271 1173 372 1227 lectum
389 1189 445 1225 esse
463 1171 543 1224 nimis
565 1171 654 1224 crebro
673 1189 718 1226 sus
736 1172 823 1228 icatur
838 1172 955 1238 Grotius,
978 1174 1020 1226 vel
1042 1174 1179 1244 scriptores
1198 1190 1274 1227 cura

272 1243 366 1297 tiusin
385 1259 412 1295 re
432 1241 550 1311 qualibet
568 1243 671 1308 versati,
692 1189 736 1294 νεῖ
753 1259 793 1296 res
813 1243 878 1313 ipsa.
914 1243 989 1296 Nihil
1007 1243 1089 1313 igitur
1100 1244 1128 1295 in
1149 1261 1273 1296 versuum

273 1319 427 1367 contextum
439 1329 481 1365 rec
514 1312 594 1378 inisi
606 1312 677 1380 quod
688 1319 737 1366 aut
745 1312 826 1366 dubio
835 1321 941 1378 careret,
952 1321 1000 1367 aut
1008 1315 1148 1367 necessitas
1157 1313 1273 1396 postulo-

273 1391 319 1438 ret
356 1383 428 1435 Nam
437 1327 606 1436 nibideorum
618 1383 739 1452 recipere,
748 1399 808 1452 qum
820 1385 1001 1453 germanitatis
1012 1383 1153 1454 cujusdam
1160 1384 1275 1452 insignia

272 1459 399 1524 gererent,
410 1452 524 1506 stultitia
533 1451 678 1505 ridebatur.
715 1452 796 1508 Ratio
804 1455 874 1508 enirn
885 1455 947 1524 plus
959 1453 1044 1508 valere
1055 1454 1140 1520 debet,
1148 1461 1180 1509 ut
1191 1454 1274 1507 Bent-

272 1525 355 1578 leium
366 1525 454 1589 etiam,
467 1522 637 1576 Perizonium
649 1540 680 1576 ao
691 1525 918 1594 praestantissimos
929 1541 1049 1595 quosque
1060 1525 1129 1578 viros
1140 1531 1167 1578 et
1178 1525 1274 1578 sentire

272 1602 300 1648 et
318 1593 402 1648 iacere
424 1593 508 1659 rideo,
530 1610 612 1663 quam
635 1594 811 1664 complurium
833 1595 999 1648 librariorum
1019 1593 1137 1648 ridiculae
1156 1595 1273 1648 insaniae.

273 1663 640 1734 Sedneexearepericulum
650 1664 990 1735 ullumexisteretineptiae
998 1665 1164 1718 librariorum
1173 1681 1275 1736 semper

272 1734 398 1805 subjectis
415 1735 484 1788 notis
495 1741 559 1788 sunt
576 1735 724 1857 plraemissae.
761 1735 790 1788 Si
810 1735 924 1806 margini
942 1735 1060 1789 licuisset
1078 1735 1275 1801 adscriberent

272 1805 382 1860 Grotius
392 1803 462 1928 izcit,
473 1821 575 1858 commo
595 1805 636 1858 'us
646 1805 675 1858 id
685 1805 771 1859 multo
781 1803 883 1872 fuisset,
904 1821 977 1859 nunc
987 1805 1144 1876 paginarum
1157 1806 1273 1875 spatium

272 1893 326 1930 non
356 1876 407 1929 atie
425 1883 493 1929 etur.

263 1943 265 1948 '
307 1893 393 1998 thes
411 1961 482 1998 meas
492 1945 617 1998 brevitate
634 1944 854 1998 commendabiles
864 1962 920 2000 esse
931 1946 1012 2012 volui,
1023 1946 1110 2000 citetis
1121 1946 1274 1999 auctoribus

291 2017 320 2070 ui
340 2015 493 2085 diligentius
511 2031 551 2068 res
563 2031 682 2085 quasque
701 2023 902 2086 persequuntur.
938 2016 1033 2070 Aliena
1052 2017 1141 2070 omnia
1158 2016 1274 2070 studiose

271 2033 346 2156 dugi:
365 2086 499 2157 opiniones
518 2102 586 2152 vero,
597 2085 632 2138 ad
650 2102 717 2154 quas
735 2102 880 2139 sermonem
900 2086 1072 2140 conformavit
1092 2086 1274 2152 Germanicus,

271 2163 398 2211 annotare
425 2155 549 2209 laboravi.
598 2155 642 2222 Et,
660 2162 692 2210 ut
711 2157 900 2210 alienissimum
920 2173 976 2210 esse
995 2174 1038 2211 me
1057 2157 1219 2210 ostenderem
1239 2158 1273 2210 ab

204 2236 207 2240 ’
271 2244 363 2281 eorum
370 2225 568 2292 consuetudine,
576 2227 674 2295 quibus
685 2234 777 2280 auctor
785 2243 850 2280 suus
861 2225 914 2280 fere
925 2227 1000 2282 Deus
1009 2234 1056 2294 est,
1064 2244 1132 2298 saepe
1139 2227 1274 2297 judicium

271 2297 415 2380 interposui
425 2313 524 2363 meum,
535 2313 620 2366 quum
631 2297 674 2350 vel
684 2297 782 2352 Aratus
793 2298 834 2350 vel
846 2297 1020 2352 Germanicus
1039 2298 1177 2368 ingenium
1189 2306 1275 2351 osten-

272 2368 443 2560 anmosarines
455 2436 549 2503 Grotii,
560 2419 645 2506 quum
665 2438 781 2491 veritatis
792 2455 822 2491 co
861 2438 935 2491 ‘tioni
968 2437 1096 2491 lurirnum
1116 2438 1210 2503 obsint,
1222 2455 1274 2491 res-

271 2508 367 2562 cinden
387 2507 746 2589 asputavi‚praesertimcum
757 2525 791 2562 ex
833 2509 913 2578 ygiuo
958 2508 1066 2561 unckeri
1078 2515 1178 2578 queant
1185 2509 1275 2578 repeti,

271 2579 294 2632 si
305 2579 366 2649 quis
377 2579 521 2632 delectetur
531 2585 661 2647 protorum
673 2579 835 2632 commentis.
871 2579 906 2630 In
918 2595 1009 2632 eorum
1021 2578 1110 2632 locum
1123 2578 1274 2632 Schiclsardi

272 2649 469 2718 Astrosoopium
488 2649 622 2714 substitui,
640 2649 713 2718 quod
732 2650 766 2702 ab
785 2648 885 2702 artifice
909 2665 983 2718 spero
1003 2649 1052 2702 rite
1071 2665 1224 2718 expressum
1235 2649 1276 2716 iri,

272 2736 335 2772 nam
347 2735 432 2789 quum
442 2717 499 2772 hmc
517 2718 669 2785 scribebam,
688 2719 808 2772 nondum
827 2719 958 2789 specimen
970 2719 1028 2788 ejus
1039 2718 1074 2772 ad
1084 2735 1132 2772 nos
1142 2725 1199 2772 erat
1209 2719 1275 2772 alla-

272 2798 445 2913 suffitiones
464 2857 615 2912 Germanici
627 2858 708 2912 nostri
720 2866 746 2912 et
765 2858 874 2914 Grotius
891 2858 974 2926 docet,
985 2866 1012 2912 et
1031 2859 1176 2924 Fabricius,
1192 2859 1233 2912 vir
1243 2859 1274 2926 is,

272 2928 1071 3053 triritltlerltitllrrititltititire
1099 2928 1274 3054 {tilii

271 3017 345 3139 dJIQ.
358 3069 431 3138 100.
442 3069 524 3121 VIII.
536 3017 624 3122 luoedr
635 3070 708 3135 vidit,
714 3070 848 3192 prioribus
856 3077 944 3122 tamen
955 3017 1113 3124 editioniids
1124 3069 1191 3123 nihil
1201 3039 1274 3141 edjeJ

272 3142 317 3206 cit,
328 3147 355 3194 et
364 3139 501 3211 praecleras
512 3138 702 3193 admonitiones
742 3141 800 3192 rotii
811 3140 936 3209 neglexit.

308 3210 407 3264 Praeter
417 3210 512 3262 Aratea
521 3209 698 3263 Phaenomena
708 3218 735 3264 et
746 3211 893 3263 Diosemeia
905 3210 1056 3264 Germanici
1066 3211 1182 3264 invenies
1193 3210 1274 3264 etiam

272 3279 917 3405 iniisti'itititbilrttlt
928 3280 1274 3406 titilttltiltlitt

272 3368 392 3488 dindrim
403 3421 472 3474 istuc
483 3421 613 3490 teallego.
736 3368 760 3417 a,
816 3368 833 3421 q
925 3368 943 3421 q

273 3563 279 3575 ·
308 3491 591 3614 mruffiapppe
606 3491 1274 3616 littlltiretltsltaerrrntt

271 3579 1129 3702 iddffldsffle,quemidendderdcollaudarepjuvat,Faunum.
1165 3631 1273 3692 Quibus

272 3703 395 3772 equidem
414 3701 495 3770 adjici
505 3703 584 3757 velim
595 3719 700 3755 carmen
712 3702 744 3756 de
755 3719 823 3771 equo
843 3701 963 3769 Caeseris,
973 3703 1018 3756 cui
1030 3702 1166 3756 tinnulum
1176 3701 1274 3756 lecerat
1317 3771 1321 3777 .

272 3773 418 3844 Augustus.
455 3772 524 3825 Plin.
535 3771 618 3826 VIII.
631 3790 653 3825 e.
665 3777 708 3826 42.

284 3911 320 3949 AN
334 3910 520 3947 GERMANICUS
533 3909 617 3947 DRUSl
630 3909 653 3946 1².
666 3909 709 3946 SIT
722 3908 835 3945 AUCTOR
848 3907 1055 3945 PHAENOMENON
1069 3907 1253 3945 remonon.

307 3989 351 4043 Ne
361 3997 473 4043 veterem
494 3988 634 4042 Editorom
653 4004 752 4042 monem
771 3996 866 4042 temere
886 3987 1029 4042 deseruisse
1048 3987 1145 4054 videor,
1156 3987 1272 4058 primum

272 4061 472 4116 controversiam
484 4059 517 4113 de
537 4059 702 4125 Germanico,
714 4065 781 4125 tum,
792 4075 823 4112 ea
834 4058 959 4125 discusse,
970 4059 1052 4113 vitam
1063 4059 1122 4129 ejus
1133 4059 1270 4128 attium.
