2902 4838
543 540 578 576 AD
592 538 770 576 PHAENOIIENA
784 539 901 576 nunnus.
1189 541 1223 576 xv

220 667 303 726 disset,
315 668 359 715 deo.
391 664 453 714 Vide
463 679 517 728 quoe
528 664 559 712 sd
570 664 636 713 huno
646 663 762 712 Varronis
778 663 861 713 locum
871 663 1040 727 congessimus
1055 679 1086 713 ex
1101 665 1223 714 veteribus

222 733 388 795 scriptoribus.
420 730 482 778 Vide
493 736 517 778 et
527 730 655 778 Bsrthium
667 729 791 778 Adversus.
804 729 825 779 1.
843 745 896 794 esp.
910 732 948 788 15,
960 745 983 793 p.
997 730 1036 787 36,
1054 737 1078 778 et
1088 730 1223 780 Broeokhu-

223 798 289 846 sium
300 798 329 845 sd
341 793 433 844 Tibuli.
447 795 475 842 II
485 794 557 857 Eleg.
570 795 591 842 1.
609 809 631 842 v.
645 795 667 852 7,
682 809 737 857 pag.
750 796 805 842 208.
841 795 890 843 iiio
904 795 966 843 iliud
983 811 1060 843 uinum
1081 796 1223 854 admonebo,

222 862 296 910 boves
307 862 366 910 olim
378 861 428 926 fere
441 867 465 908 et
482 867 563 908 teums
578 859 608 908 sd
625 875 711 922 sgnum
727 859 857 908 solendum
873 860 948 908 fuisse
959 859 1086 908 sdhibitos.
1119 861 1222 910 Ovidius

224 926 289 974 Fsst.
302 926 324 974 Ι.
336 927 381 974 sub
391 925 433 979 iio.
449 926 519 974 Bello
529 925 572 972 dio
582 930 674 972 uouere
686 926 766 972 viros:
782 931 835 972 erat
844 929 924 988 optior
934 927 996 974 ensis
1005 925 1110 983 Vomere,
1128 925 1223 974 cedebat

222 997 305 1039 taurus
317 995 400 1042 oraio'r
409 1005 476 1052 equo.
509 989 543 1037 Et
552 1004 624 1037 mox:
641 988 691 1037 Sub
697 988 805 1050 ρὀροδοο
813 994 899 1050 veniet,
907 989 949 1039 sui
958 996 1032 1040 terras
1042 1007 1119 1038 semen
1128 998 1225 1040 oratos:

222 1056 281 1104 Pae
301 1055 408 1104 Cererem
424 1056 517 1112 ηνετίῑς
532 1057 600 1116 ponis
616 1054 715 1102 alomna
735 1053 811 1103 Ceres.
844 1054 909 1105 Add.
925 1055 992 1102 idem
1003 1055 1116 1106 Fssoii.
1129 1058 1186 1116 295,
1198 1063 1223 1104 et

223 1120 268 1168 IV.
276 1123 333 1168 403.
366 1120 461 1168 Plinius
472 1117 575 1166 XVIII.
589 1119 628 1176 18,
646 1118 719 1181 Syria
739 1133 830 1182 qnoque
847 1123 913 1168 noua·
923 1120 987 1168 sulco
1004 1128 1131 1179 ammom
1140 1122 1222 1169 mulii-

213 1187 311 1247 jorr'om
321 1187 348 1232 ὅτι
361 1185 437 1233 Iluiio
454 1185 532 1231 octoni
551 1182 618 1231 bones
633 1183 666 1230 od
682 1184 786 1246 sinqulos
804 1199 906 1233 vomeres
921 1184 1039 1234 morlens
1074 1184 1130 1234 vid.
1146 1187 1221 1234 etiem

223 1250 293 1298 Ovid.
313 1251 378 1298 Fast.
389 1250 410 1298 1.
428 1251 490 1305 384;
507 1247 637 1309 Anthoiog.
651 1248 732 1297 Graeo.
746 1249 788 1296 lib.
798 1248 858 1297 VII.
875 1264 930 1313 pag.
947 1250 1002 1298 629.
1037 1250 1149 1299 Catullus
1159 1251 1221 1313 Epi-

222 1314 322 1362 thsism.
334 1315 451 1371 Thetidis,
459 1329 483 1361 r.
494 1315 533 1360 49.
566 1312 686 1370 Tibullus,
701 1313 743 1362 iib.
753 1312 774 1361 1.
784 1313 856 1376 Eleg.
867 1314 888 1362 I.
897 1331 920 1362 v.
931 1316 967 1362 10.
1002 1315 1106 1364 Nounus
1116 1316 1220 1379 Dionys.

222 1379 294 1428 XLI.
312 1394 336 1426 v.
346 1380 386 1431 27.
421 1378 466 1427 Sed
479 1377 532 1426 haeo
543 1377 628 1427 itidem
643 1378 700 1427 alibi
715 1379 836 1441 copiosius
852 1379 1044 1429 declarabuntur.
1079 1381 1221 1430 SCH.—

222 1445 339 1494 Adsuetos
350 1443 495 1492 niu-01³.

257 1509 310 1560 137.
327 1509 439 1558 Deseruit
445 1505 557 1571 propere]
575 1505 643 1555 Male
662 1505 845 1568 Manuseriptus
861 1513 965 1572 proprie.
999 1509 1066 1557 Citat
1082 1511 1148 1558 huno
1166 1525 1220 1558 ver·

221 1589 277 1622 sum
293 1575 437 1622 Lactantius
453 1573 483 1620 de
493 1572 577 1620 instit.
589 1571 618 1620 V.
638 1587 658 1620 o.
671 1574 694 1629 5,
713 1588 732 1620 s.
744 1574 766 1620 9.
786 1573 872 1621 Gnou.
908 1574 1003 1621 Similia
1021 1574 1091 1623 dooet
1110 1574 1220 1634 Ovidius,

220 1639 262 1688 iib.
274 1640 297 1689 1.
309 1639 412 1686 Metam.
423 1653 447 1685 v.
460 1639 513 1694 149,
524 1645 548 1685 et
560 1637 651 1685 Festos.
664 1637 686 1686 I.
697 1652 719 1686 v.
731 1638 785 1685 249.
821 1637 945 1687 Eusiosih.
956 1645 1002 1687 est.
1014 1639 1037 1688 9.
1071 1639 1220 1689 Claudianus

220 1703 310 1816 libbi.
323 1704 350 1751 iu
369 1703 453 1752 Rufio.
478 1717 500 1750 v.
517 1703 573 1751 354.
631 1700 876 1767 scu-Propere
895 1704 947 1766 gsb.
969 1707 1068 1768 proprie
1092 1704 1220 1754 ABEGP.

254 1835 310 1881 138.
329 1831 362 1882 Et
373 1830 436 1895 eoeii]
450 1831 476 1880 Si
487 1831 548 1880 mihi
561 1831 705 1892 persuadere
717 1831 817 1896 possim,
831 1832 1006 1880 Gennanioum
1020 1848 1078 1881 voce
1090 1833 1219 1896 paululum

221 1899 357 1962 antiquiore
367 1913 449 1955 usum,
466 1911 516 1944 non
528 1896 659 1944 dubitirim
672 1897 711 1944 hio
722 1897 816 1958 legere:
835 1899 881 1945 Em
891 1898 943 1946 eoeii
953 1901 1038 1947 sortito
1049 1900 1133 1947 enm.
1161 1899 1220 1948 Fes-

221 1972 268 2021 tus,
286 1963 335 2012 Em
344 1979 390 2025 ρνο
400 1977 462 2022 eum,
478 1961 509 2010 ab
522 1976 549 2009 eo
559 1961 626 2024 qood
635 1969 670 2010 est
679 1963 708 2009 is.
745 1962 836 2010 Sensus
853 1962 901 2010 tels
919 1962 977 2024 quid
995 1963 1108 2024 postulat,
1123 1970 1148 2011 et
1158 1965 1219 2013 sorte

220 2028 267 2076 hoo
285 2030 374 2090 ipsum.
419 2028 507 2075 Goon.
541 2026 644 2088 Propius
664 2041 720 2074 vero
740 2026 857 2083 videntur,
875 2027 896 2074 si
917 2027 1041 2089 scripsisse
1060 2029 1219 2091 conjiciamus

220 2093 411 2140 Germsuioum:
432 2091 492 2140 Coeli
508 2093 623 2139 sortitura
639 2092 723 2147 heum,
743 2090 782 2138 re]
800 2095 827 2138 in
842 2092 916 2140 stellis
926 2094 1010 2141 sortito
1026 2094 1220 2144 Iocum-SCH.

221 2157 432 2206 *Neoesssrio
452 2156 606 2204 scribendum
624 2155 648 2204 h.
669 2155 685 2203 i.
705 2162 756 2204 ersi
776 2155 811 2203 Ei
830 2156 881 2204 reli
899 2162 934 2204 est
952 2158 1104 2221 (corruptum
1121 2167 1220 2222 propter

219 2219 1219 2348 diffiditis&iuditii:iiiiiinii‘ziiiiii&

224 2351 282 2400 Coeii
295 2354 410 2402 sortitura
420 2351 505 2408 deum,
516 2350 570 2398 vel:
586 2350 617 2398 In
628 2351 702 2398 steilo
712 2353 797 2398 sortito
807 2351 983 2402 iorem-Oli.

256 2418 311 2466 1³9.
330 2416 427 2465 Turdus
437 2419 463 2462 in
474 2413 591 2477 oceasum]
600 2418 627 2463 in
638 2430 727 2472 occasu,
740 2415 797 2463 MS.
809 2415 932 2464 Homerus
943 2417 1054 2466 nominet
1062 2414 1109 2480 ὀψὲ
1121 2414 1219 2468 δύοντα

220 2481 337 2540 Βοώτην.
363 2482 398 2530 Et
410 2480 529 2540 Musaeus,
541 2480 611 2542 cujus
622 2480 690 2527 loeus
701 2480 835 2528 etiamnum
846 2480 871 2528 iu
884 2482 979 2531 mendo.
1017 2483 1060 2530 Ait
1069 2483 1148 2531 enim:
1167 2483 1220 2533 Καί

218 2563 265 2610 μιν
284 2545 444 2604 ἐποπτένων,
463 2544 509 2594 οὐκ
527 2542 623 2608 ὄψομαι
634 2541 716 2592 δύντα
733 2543 847 2605 Βοώτην,
859 2543 906 2592 ’ον
920 2547 1023 2610 θρασὺν
1041 2545 1070 2594 Ὠ
1087 2545 1158 2609 iuro,
1176 2549 1220 2599 roi

222 2611 343 2676 ἄβροχον
353 2609 433 2660 ὁλκὸν
443 2608 552 2674 ἁμάξης,
573 2607 702 2672 Πατρίδος
714 2607 867 2674 ἀντιπόροιο
880 2613 941 2659 ποτὶ
951 2611 1051 2675 γλνκον
1062 2564 1144 2677 δρρον
1161 2611 1219 2663 ἱκοί·

219 2693 280 2740 μην.
315 2677 468 2740 Legeudum,
487 2674 533 2723 ode
545 2673 591 2739 ὀψὲ
603 2671 700 2722 δύοντα
713 2674 827 2734 Βοώτην,
845 2683 873 2724 ut
883 2676 916 2723 sit
926 2692 1028 2726 sensus:
1045 2677 1138 2741 Nempe
1149 2681 1220 2728 iilum

219 2746 344 2804 aspiciens,
353 2756 401 2790 oon
412 2743 506 2789 tardum
516 2756 619 2803 merqere
626 2745 699 2804 porro
711 2741 846 2797 eremum,
858 2741 1134 2804 Hyriodenoe,ooisieei
1139 2745 1219 2793 sidero

221 2805 319 2864 Ρὶοοίνὶ,
340 2807 454 2870 Opposita
464 2813 491 2853 nt
500 2809 588 2868 possim
598 2809 722 2854 sindonem
733 2809 848 2867 ottinqere
859 2811 933 2855 terre.
967 2807 1081 2856 Catullus
1096 2808 1123 2855 in
1141 2810 1219 2858 Come

220 2871 352 2920 Berenices
362 2888 386 2920 v.
397 2872 437 2918 65.
470 2870 574 2932 quireis
585 2876 607 2917 ei
617 2874 672 2919 sevi
683 2873 819 2934 eontirqens
829 2885 930 2934 nomque
942 2875 1026 2921 Leonis
1036 2872 1150 2934 Lumina,
1164 2876 1218 2924 Coi·

219 2937 274 2986 disto
278 2936 365 2999 jorseio
376 2937 510 2999 Lycaonio,
520 2934 604 2984 Venor
614 2939 640 2983 in
650 2951 759 2984 occasum
770 2935 864 2983 tardum
873 2935 922 2984 dor
932 2943 986 2984 anre
997 2939 1095 2995 Booten,
1115 2938 1165 2997 Qui
1176 2943 1218 2988 vie

219 3017 272 3050 sero
280 3003 329 3051 olto
340 3003 453 3063 merqiior
465 2999 564 3048 Oceano.
599 3000 687 3049 Gnou.
721 3000 830 3049 Pertinet
841 3000 890 3048 huo
901 3003 1062 3051 Anacreontis
1074 3003 1178 3052 Carmen
1190 3005 1217 3054 in

220 3067 305 3115 Amor.
318 3081 371 3129 pag.
383 3082 416 3114 m.
431 3067 484 3113 115.
518 3063 616 3127 Bootes]
630 3064 693 3115 Quis
704 3065 784 3122 fuerit,
795 3065 899 3114 breviter
909 3067 1015 3116 ostendit
1027 3068 1132 3116 Nonuus
1143 3069 1216 3119 XIII

219 3131 324 3194 Dionys.
336 3147 359 3180 v.
371 3132 426 3189 295,
438 3144 462 3192 p.
474 3129 529 3178 368.
564 3126 621 3178 oir’
632 3128 696 3194 ἕχον
706 3127 844 3194 Ἀρκαδίην
861 3129 942 3179 πόλιν
959 3129 1089 3212 Ἀρκάδος,
1107 3129 1139 3180 ὅν
1151 3149 1215 3184 ποτε

219 3193 306 3260 μήτηρ
319 3191 444 3243 Καλλιςὼ
464 3196 504 3242 Διῒ
524 3193 600 3254 τίκτε,
619 3197 706 3260 πατὴρ
723 3193 748 3242 δέ
766 3211 812 3259 μιν
831 3193 866 3253 εἰς
883 3194 969 3244 πόλον
985 3212 1074 3262 οςρων
1090 3198 1217 3265 Στηρίξας

219 3259 341 3309 ἐκάλεσσε
353 3256 521 3324 χαλαζήεντα
532 3261 646 3318 Βοώτην.
674 3261 767 3323 Quique
779 3259 1007 3310 tenebnidreodiom
1018 3262 1217 3324 ordemiireodis,

220 3341 289 3388 qoem
299 3327 356 3374 oiim
366 3331 442 3373 mour
455 3325 553 3373 Callisto
564 3324 622 3372 door·
631 3329 729 3388 peperit,
747 3341 762 3372 a
778 3331 847 3388 putre
862 3328 889 3373 in
904 3326 961 3374 celo
977 3327 1020 3375 seb
1029 3331 1124 3376 nomine
1135 3330 1216 3378 Bootae

217 3391 357 3454 qrondireem
367 3391 530 3452 profundentis
540 3390 685 3438 collocatum.
710 3390 765 3438 add.
779 3389 903 3439 Eratosth.
927 3392 1128 3441 catusionem&
1145 3393 1218 3444 Ovio.

221 3456 323 3503 Meteon
343 3454 379 3502 II.
399 3471 422 3503 v.
436 3454 491 3510 466,
508 3470 577 3517 seqq.
610 3455 743 3502 Pausanias
760 3454 836 3503 VIII.
848 3470 868 3502 o.
880 3456 904 3513 3,
916 3471 939 3517 ρ.
950 3457 1008 3517 693,
1020 3459 1075 3504 604.
1110 3458 1216 3507 Sohurz-

219 3520 322 3569 fleisohii
334 3520 358 3567 N
361 3519 428 3568 otitis
436 3518 551 3568 Biblioth.
574 3518 710 3568 Vinarieus.
722 3535 776 3582 pag.
786 3522 841 3568 145.
870 3520 934 3568 Mihi
945 3529 1043 3584 propter
1051 3524 1216 3572 nstronomioe

219 3586 329 3633 studium
338 3585 433 3632 ridetur
443 3585 468 3632 in
480 3584 570 3633 ooeium
581 3583 679 3631 relatus.
714 3587 779 3632 Nam
790 3585 854 3633 viem
867 3585 925 3633 solis
936 3585 1037 3646 invenit,
1051 3586 1142 3635 Nonno
1153 3596 1215 3638 teste

219 3651 245 3698 in
264 3651 367 3713 Dionys.
384 3649 456 3696 XLI.
466 3664 490 3698 v.
503 3649 557 3700 376.
568 3663 623 3710 ρος.
637 3648 708 3699 1074.
720 3664 786 3710 seqq.
820 3648 923 3712 Reliqua
939 3651 991 3713 ejus
1007 3651 1106 3700 iuventa
1123 3655 1215 3701 Psuss·

220 3715 273 3763 nias
285 3715 354 3762 docet
363 3715 406 3764 iib.
418 3713 493 3762 VIII.
504 3729 526 3762 o.
537 3715 561 3762 4.
573 3713 674 3776 princip.
709 3715 796 3761 Bootes
807 3713 896 3762 dieitur
911 3715 942 3764 ob
959 3716 1050 3764 oioinos
1061 3719 1215 3780 septemtrio-

219 3795 272 3839 nes,
285 3795 345 3842 quos
357 3779 414 3842 agit.
449 3778 550 3842 Capella
561 3778 591 3826 de
602 3785 670 3841 nupt.
705 3778 986 3842 Pni101.v111.p.nre.
1018 3781 1216 3846 Iilieiisseplem

220 3846 303 3892 soiitos
322 3860 414 3892 servare
430 3847 524 3900 triones,
534 3841 623 3891 Pastor
635 3843 790 3906 Hyperborea
799 3845 931 3906 resplendet
947 3847 998 3894 luce
1011 3847 1216 3898 Bootes-SCH.

220 3908 397 3958 —Tordom
410 3909 436 3958 F.
449 3909 533 3971 (Ibid.)
541 3907 660 3971 oscorum]
680 3908 732 3971 (F.)
744 3908 801 3971 Pgs.
814 3924 896 3957 occasu
904 3910 1116 3960 Aenon-013.

254 3975 308 4022 140.
326 3971 464 4037 Presionti)
481 3973 545 4022 mede
563 3974 618 4023 MS.
636 3977 778 4036 prestantis.
813 3974 1105 4023 Gnou.-SCH.—At
1114 3977 1215 4040 placide

214 4037 352 4130 p‘restonii]
365 4039 467 4101 A(F.)P.
475 4039 538 4102 (haeo
547 4039 650 4103 placide)
657 4058 662 4097 ς
670 4055 699 4088 oc
703 4039 804 4102 placide
807 4043 931 4103 prestanti
941 4041 994 4104 gns.
1003 4045 1030 4088 et
1034 4041 1136 4105 placide
1146 4056 1216 4106 pres·
