2868 4848
721 485 748 538 ir

238 630 377 696 vacare.’'
422 629 504 695 Haec
534 630 672 696 Buhlius
693 631 729 695 in
752 628 941 716 praefatione
971 651 1068 714 quam
1094 630 1234 694 secundo

239 715 434 782 Arateorum
455 717 610 782 volumini
624 717 790 803 praemisit,
836 716 884 780 At
904 715 938 779 in
965 715 1232 781 commentatione

239 826 336 888 quam
351 803 390 868 de
406 802 501 867 Arati
517 803 590 880 vita,
606 803 742 888 scriptis,
757 801 987 886 interpretibus
999 814 1059 867 etc.
1074 804 1234 888 conscrip-

237 890 290 966 sit,
309 888 378 954 baec
392 889 508 954 babet:
544 889 638 955 “Uti
652 891 687 954 in
702 888 842 953 Aratum
858 887 977 966 Graeci,
992 888 1039 952 ita
1053 910 1182 974 quoque
1197 889 1233 952 in

240 975 426 1040 Germanici
438 974 558 1042 Aratea
573 975 689 1041 Latine
705 975 909 1040 commentati
924 986 1000 1039 sunt
1010 975 1078 1060 jam
1091 975 1233 1059 antiqui·

237 1062 346 1126 oribus
368 1062 566 1148 temporibus
591 1062 650 1127 viri
673 1062 758 1126 docti
780 1060 897 1146 plures.
944 1059 1121 1145 Scripserat
1136 1060 1233 1127 Com-

237 1147 431 1212 mentarium
453 1148 488 1212 in
513 1147 698 1213 Germanici
718 1146 840 1211 Aratea
854 1149 1008 1231 Nipidiuc
1021 1147 1166 1230 Epulas,
1189 1170 1233 1212 ex

238 1256 302 1319 quo
325 1232 519 1319 Fragmenta
545 1234 673 1316 collegit
694 1232 888 1317 Rutgersius
910 1230 987 1296 Var.
1004 1230 1094 1296 Lect.
1118 1232 1174 1300 lib.
1185 1234 1232 1298 iii.

237 1343 269 1405 p.
288 1319 364 1396 276,
380 1343 446 1406 seq.
491 1321 587 1386 Alius
602 1331 710 1385 exstat
722 1331 815 1384 vetus
828 1317 1085 1383 Commentarius
1100 1320 1160 1383 sub
1176 1342 1233 1384 no·

237 1405 324 1470 mine
339 1407 523 1474 Scholiasta
540 1409 735 1484 Germanici,
749 1427 846 1491 quem
861 1415 895 1468 et
905 1427 965 1488 ego
977 1404 1011 1468 iu
1021 1404 1081 1469 hac
1092 1405 1232 1470 editione

238 1492 346 1556 textui
361 1492 600 1579 adjungendum
614 1491 730 1557 curavi.
774 1490 836 1555 Est
847 1490 901 1554 ille
916 1515 935 1555 a
949 1489 1081 1555 diversis
1095 1490 1233 1555 bomini-

239 1578 299 1642 bus
309 1589 342 1642 et
351 1579 586 1663 antiquioribus
597 1578 786 1642 Graecorum
796 1577 831 1641 in
840 1575 979 1641 Aratum
988 1578 1234 1658 commentariis,

238 1664 321 1729 sicut
337 1663 464 1730 Scholia
486 1666 527 1730 ad
549 1665 689 1729 Aratum
704 1663 831 1741 Graeca,
858 1663 1013 1728 conflatus
1029 1663 1151 1747 absque
1168 1664 1232 1728 ullo

237 1750 347 1814 ordine
359 1775 367 1816 ε
390 1773 489 1835 quare
501 1751 598 1816 etiam
609 1752 720 1815 eadem
731 1748 848 1835 saepius
858 1761 1050 1834 repetuntur
1062 1775 1071 1828 ς
1094 1749 1233 1814 afferun-

237 1848 292 1900 tur
305 1836 366 1901 sibi
386 1836 563 1916 contraria3
587 1849 621 1901 et
635 1859 738 1901 sermo
753 1847 803 1900 est
813 1847 879 1900 tam
893 1835 1059 1917 barbarus,
1072 1836 1232 1900 incomtus

238 1933 271 1986 et
284 1922 428 2000 vitiosus,
444 1935 482 1988 ut
497 1935 585 1987 totus
606 1923 657 1987 hic
673 1922 917 1986 commentarius
933 1944 998 1985 non
1008 1923 1125 1986 veteris
1139 1921 1233 1987 latini

236 2008 399 2092 scriptoris
424 2009 523 2093 operi,
553 2010 610 2074 sed
639 2007 765 2094 pueruli
794 2019 912 2071 nostrae
941 2008 1047 2073 aetatis
1076 2009 1232 2074 exercitio

238 2094 313 2179 styli
327 2094 419 2158 latini
434 2095 545 2160 similis
566 2095 723 2159 videatur.
768 2092 919 2157 Arbitror
942 2094 1102 2179 equidem,
1123 2095 1233 2158 doctos

239 2179 473 2246 Grammaticos
495 2181 612 2246 latinos
634 2180 711 2245 olim
726 2179 912 2244 Germanici
926 2178 1047 2244 Aratea
1062 2180 1233 2265 discipulo-

237 2287 310 2331 rum
335 2266 437 2330 coetui
459 2267 646 2352 explicbsse,
669 2279 702 2331 et
722 2265 851 2344 scholia,
875 2289 948 2350 quae
962 2266 1057 2330 hodie
1073 2279 1231 2344 terremus,

238 2375 306 2416 esse
331 2353 461 2431 dictata,
486 2377 506 2418 a
532 2354 694 2438 discipulis
719 2353 838 2417 calamo
864 2364 1020 2437 excepta3
1057 2353 1103 2417 ita
1128 2376 1233 2418 sermo

236 2439 340 2503 factus
362 2450 411 2503 est
433 2451 499 2504 tam
521 2441 718 2506 incohaerens
740 2451 773 2503 et
791 2461 904 2523 parum
919 2439 1050 2504 latinus.
1098 2438 1233 2504 Scholiis

237 2527 334 2590 unius
350 2525 559 2591 Grammatici
574 2527 666 2592 latini
677 2525 786 2590 addita
796 2537 831 2588 et
841 2525 1028 2590 intermixta
1037 2538 1149 2610 postea
1158 2538 1234 2590 sunt

236 2611 308 2690 alia,
333 2612 418 2676 unde
443 2613 665 2697 repugnantiae
690 2624 769 2675 ortae
794 2621 880 2675 sunt.
939 2609 1110 2696 Leguntur
1134 2613 1232 2676 etiam

237 2697 356 2762 scholia
377 2697 417 2762 ad
442 2697 672 2764 Germanicum
695 2699 730 2762 in
754 2719 950 2782 unoquoque
973 2698 1042 2763 cod.
1066 2709 1161 2764 msto.
1186 2698 1235 2762 di-

236 2787 359 2848 versa.'’

513 3255 537 3307 Ι.
573 3253 773 3308 PRAEFATIO
793 3255 960 3311 ORELLII.

238 3401 296 3454 Sex
310 3399 397 3453 adhuc
409 3400 558 3453 accuratius
569 3400 742 3454 innotuerunt
753 3400 837 3454 Godd.
849 3401 942 3454 horum
954 3403 1108 3457 Arateorum
1121 3425 1127 3457 :
1233 3439 1235 3446 ‹

274 3470 296 3523 I.
310 3470 448 3536 Susianos,
458 3487 511 3538 quo
522 3470 631 3524 Grotius
640 3488 706 3524 usus
714 3479 762 3537 est,
770 3472 978 3540 antiquissimus,
986 3473 1068 3525 literis
1077 3475 1234 3545 capitalibus

238 3541 358 3612 scriptus.
395 3541 430 3593 In
439 3540 529 3593 eodem
541 3540 716 3595 Codicealius
725 3542 865 3612 quispiam,
878 3559 931 3610 quo
941 3544 1104 3598 commodius
1112 3553 1235 3599 tractaret

235 3612 334 3664 librum
344 3609 692 3681 scholasticumlGermanici
699 3629 788 3665 versus
796 3612 877 3665 literis
885 3613 1114 3668 “manchaldus”
1122 3615 1235 3686 descrip-

238 3689 314 3748 serat,
324 3683 379 3734 sine
396 3680 453 3734 ulla
469 3683 624 3748 mutatione,
643 3683 731 3751 inquit
751 3682 876 3749 Grotius3
895 3684 933 3736 ita
943 3692 1041 3753 tamen,
1057 3693 1089 3739 ut
1099 3685 1133 3739 ad
1145 3705 1168 3739 v.
1183 3691 1231 3739 141

238 3751 293 3806 haec
304 3751 452 3817 annotarim
463 3754 479 3780 “
498 3751 625 3822 Quinque
635 3753 663 3804 hi
681 3770 771 3806 versus
782 3755 810 3806 in
830 3753 1013 3825 Mauuscripto
1025 3755 1178 3822 αὑτογράφῳ
1191 3756 1235 3809 de-

238 3829 317 3888 sunt3
329 3822 413 3876 sedin
432 3840 464 3875 ea
483 3821 663 3893 descriptione,
683 3841 743 3892 quae
764 3823 840 3876 litera
857 3826 997 3879 recentiore
1007 3823 1078 3878 facta
1096 3833 1143 3892 est,
1163 3826 1235 3880 deest

238 3910 327 3946 versus
347 3892 480 3946 secundus
492 3891 676 3963 (dumtaxat.)”
714 3894 872 3966 Suppletum
883 3896 965 3966 igitur
981 3903 1036 3950 erat
1053 3896 1234 3968 apographum

237 3962 309 4019 istud
320 3980 354 4016 ex
364 3963 417 4016 alio
428 3963 523 4018 codice.
560 3963 645 4017 Nobis
655 3972 695 4018 est
706 3964 740 4018 G.
