2902 4838
533 590 568 625 sn
580 590 758 626 rnnuousus
771 590 888 628 nnsrss.
1159 574 1211 623 lxix

212 717 299 766 vimus.
333 716 402 768 Quin
422 722 447 765 et
463 717 515 780 ipse
534 715 704 775 Germanicus,
722 723 829 780 utputo,
847 733 920 780 supro
929 733 953 769 v.
965 717 1021 777 270,
1030 721 1072 780 pto
1083 717 1140 766 coelo
1151 718 1212 764 nitet

212 783 274 830 dixit
284 782 313 831 de
325 785 397 846 Lyra.
431 782 647 831 Miser-obitesidcs
659 781 847 844 etismsnprev.
860 783 971 832 redint.
1006 783 1056 831 Gn.
1090 782 1212 830 Praeclsre

214 847 314 896 Grotius
325 847 408 895 omnia
417 847 552 895 restituisse
563 847 624 895 mihi
635 847 738 904 videtur,
755 853 843 910 praeter
854 863 936 895 versus
948 847 1123 909 trajectionem,
1142 846 1213 910 (num

169 909 171 916 ’
214 927 242 960 eu
253 919 372 976 repugnat
382 911 509 961 oculorum
522 913 671 972 testimonio)
689 919 713 960 et
723 927 800 974 peuce
812 911 866 960 elic.
900 911 971 959 notet
980 913 1046 961 enim
1057 913 1158 974 ponitur
1168 927 1212 974 pro

212 979 285 1025 ultius
299 977 449 1039 provehetur.
483 977 571 1038 Neque
591 993 634 1041 pro
650 978 703 1039 tyro
722 977 862 1040 ponendum
884 976 990 1025 Chiron:
1015 977 1064 1024 Sed
1078 977 1108 1024 de
1131 983 1213 1024 vetere

213 1041 316 1090 lectione
333 1057 407 1104 quem
424 1041 556 1089 minimum
572 1042 747 1090 recedendum:
766 1049 794 1091 ut
804 1057 849 1104 ego
861 1041 923 1089 secio
933 1043 960 1089 in
970 1041 1089 1104 principio
1102 1041 1213 1104 ejusdem

213 1122 305 1164 versus,
317 1115 342 1154 et
351 1106 462 1169 proximo
473 1107 595 1154 inferiore.
629 1106 695 1154 Nem
714 1123 735 1154 v.
756 1107 802 1156 621
821 1108 851 1154 sd
870 1107 935 1154 Arati
954 1107 1118 1166 autoritatem,
1137 1121 1212 1168 quem

214 1172 328 1234 defugere
345 1172 372 1218 in
389 1187 416 1218 re
434 1171 507 1219 dubia
525 1186 574 1219 non
593 1171 657 1228 licet,
675 1171 761 1218 itidem
779 1172 927 1220 conformavi
939 1171 1098 1219 curatissime.
1132 1171 1212 1229 Adde,

214 1236 279 1298 quod
291 1235 321 1284 ad
332 1237 538 1284 constructionem
547 1236 658 1298 pertinet,
672 1251 695 1283 v.
704 1237 759 1284 690.
793 1236 871 1284 Versu
880 1237 928 1283 624
939 1242 1054 1284 resecetur
1063 1236 1194 1299 praeoptevi
1205 1253 1211 1284 ι

214 1299 327 1349 damnavi
337 1302 458 1362 referetur,
470 1316 501 1348 ne
513 1299 575 1348 coelo
586 1309 610 1348 et
622 1299 748 1348 oculorum
759 1301 815 1348 fidei
826 1301 941 1362 refragari
953 1300 1063 1348 videatur
1072 1301 1213 1363 intelligens

215 1367 273 1414 artis
284 1381 334 1414 suae
346 1363 703 1428 scriptor.-SCH.-Aliis]
714 1365 766 1412 BE.
779 1373 804 1412 ut
813 1365 908 1413 volebat
915 1381 938 1428 g.
949 1367 983 1414 sb.
1001 1367 1046 1413 otti
1059 1365 1108 1427 Gg.
1127 1365 1213 1428 (ibid.)

214 1436 283 1478 nocte
300 1432 404 1478 eluctato
422 1430 545 1493 suprema]
562 1428 592 1476 de
611 1445 635 1490 g.
654 1430 717 1492 conj.
738 1431 774 1477 rb.
797 1437 888 1478 noctem
899 1433 1020 1492 fluctuata
1036 1445 1146 1492 supremo
1164 1431 1214 1493 Gg.

213 1497 428 1557 noetemfluctuoto
438 1510 572 1558 supremam
584 1493 728 1542 Bit-ott

248 1561 303 1607 633.
323 1559 383 1622 Illo]
397 1560 473 1622 Ggsb.
496 1560 538 1608 ilie
549 1559 603 1608 BE.
628 1559 717 1623 (ibid.)
729 1557 809 1621 nocte]
823 1559 853 1606 E.
880 1558 991 1622 (firmans
1009 1559 1106 1609 emend.
1124 1559 1159 1622 g.)
1178 1559 1214 1608 sb.

215 1630 307 1674 noctem
319 1624 481 1687 Buff-ou.

248 1689 304 1736 634.
324 1689 412 1737 Cursus
423 1689 542 1738 B.-0R.

248 1754 305 1802 635.
324 1752 426 1816 Occasu]
444 1754 474 1801 de
490 1769 514 1816 g.
526 1753 621 1801 emend.
633 1754 669 1802 sb.
690 1754 788 1802 Occosos
799 1751 897 1815 BEGg.
915 1752 1001 1816 (ibid.)
1011 1751 1104 1816 rursus]
1118 1753 1214 1816 BEGg.

215 1835 309 1868 rursum
320 1819 356 1868 sb.
374 1819 461 1881 (Ibid.)
472 1817 537 1881 orto]
550 1819 654 1880 EGgsb.
671 1825 736 1866 ortos
748 1819 866 1867 B.-0it.

249 1883 303 1930 636.
323 1883 397 1932 Crore
414 1885 486 1932 simol
501 1883 585 1946 ¹Chelis
597 1882 709 1945 scalpens]
723 1900 741 1930 s.
753 1884 816 1946 conj.
837 1882 919 1941 Cerere,
937 1883 1009 1931 simrd
1022 1883 1097 1931 Chele
1102 1881 1213 1946 fitlpent]

216 1949 325 2010 BEng.
336 1947 425 2011 (ibid.)
436 1947 556 2011 Scorpios]
571 1947 642 2009 EGg.
656 1951 765 2010 Scorpius
774 1949 832 1996 Bsb.
866 1949 957 1996 Totum
966 1948 1090 1996 locumsic
1098 1949 1216 2010 refingere

215 2020 317 2061 onustus
325 2020 362 2060 est
374 2013 489 2060 Grotius:
510 2015 590 2071 erere,
597 2013 669 2060 ornet
678 2013 865 2075 Ctelaefutpent,
873 2029 946 2076 quum
955 2013 1064 2076 Scorpios
1073 2017 1129 2071 erit,
1141 2011 1217 2060 Haud

218 2083 343 2126 cunctatus
359 2077 424 2126 atie.-
441 2093 513 2141 qcum
535 2077 625 2125 Chiron
640 2085 719 2139 serpet
729 2076 760 2126 ob
771 2080 841 2126 credis
851 2079 971 2141 Arctosque
981 2081 1033 2141 ipso
1041 2082 1083 2140 pio
1094 2079 1148 2126 celo
1158 2079 1216 2138 rese-

216 2149 283 2191 retur
299 2146 385 2206 imopo,
402 2143 462 2190 Jam
482 2145 536 2190 totis
551 2143 630 2191 redint
647 2143 756 2191 membris
772 2144 905 2191 miserabile
919 2145 994 2192 sidus.
1016 2143 1159 2204 Imperfectc
1169 2150 1218 2191 cet.

218 2208 323 2270 Recepit
339 2209 403 2255 hanc
422 2223 445 2269 g.
467 2208 631 2270 conjecturem
649 2211 673 2256 b.
690 2215 785 2257 retente
801 2219 884 2256 tamen
901 2223 945 2256 suo
957 2209 1010 2256 loco
1023 2208 1083 2256 Cdd.
1095 2207 1216 2264 lectione;

217 2272 282 2320 unde
294 2272 362 2320 mirae
372 2273 449 2321 turbae
461 2279 520 2320 ortae
532 2272 626 2320 suntin
637 2273 690 2334 ejus
700 2273 904 2321 editione-Oli.

251 2336 307 2388 637·
323 2337 382 2384 Jom
392 2335 458 2399 totis]
472 2337 503 2386 E.
521 2343 549 2384 ut
557 2337 652 2384 volebat
662 2352 685 2398 g.
698 2339 733 2384 sb.
754 2337 817 2386 Tem
827 2340 882 2385 totis
891 2337 919 2386 Β.
942 2339 1002 2385 Tem
1010 2339 1066 2384 totis
1076 2336 1217 2398 (eg—ou.

250 2403 306 2450 638.
325 2404 359 2448 At
369 2417 441 2465 quom
452 2407 531 2450 tontes
542 2400 604 2464 obit]
618 2401 757 2464 BEGg(b.)
773 2405 809 2450 Ao
822 2407 872 2451 tem
882 2409 977 2450 tentum
985 2401 1047 2450 obtet
1057 2400 1112 2462 (sic)
1123 2417 1143 2448 s.
1153 2403 1217 2464 conj.

218 2466 306 2530 (ibid.)
315 2465 405 2529 serpit]
415 2469 443 2514 B.
459 2473 543 2529 serpat
553 2466 748 2528 ungas-01³.

252 2532 307 2580 639.
326 2530 400 2579 Arcus
418 2535 471 2594 ipso
490 2547 533 2579 suo
552 2529 620 2593 ceto]
641 2531 681 2579 Sic
700 2531 793 2594 eclipsi.
815 2530 879 2594 Arpo
890 2533 953 2594 sipia
969 2531 1039 2591 (stt-io
1051 2529 1093 2588 E.)
1109 2545 1151 2577 sco
1162 2532 1218 2578 coeto

219 2596 317 2658 sung.
334 2597 358 2644 b.
375 2597 450 2645 altero
461 2596 524 2646 loco.
550 2595 671 2659 Arcusque
681 2599 734 2660 ipsc
747 2599 789 2659 pte
805 2598 858 2645 celo
870 2597 917 2659 (g.)
926 2598 948 2645 b.
960 2596 1037 2645 altero
1049 2595 1111 2643 loco.
1128 2594 1219 2658 (ibid)

215 2659 343 2724 reseretur]
356 2661 386 2708 de
397 2677 421 2721 g.
434 2662 496 2724 conj.
509 2661 533 2709 b.
550 2663 654 2722 refertor
669 2661 765 2724 BEGg.
781 2660 904 2725 Arposque
914 2665 969 2726 ipso
981 2663 1023 2725 pio
1035 2661 1091 2708 celo
1102 2664 1219 2708 resecetur

219 2727 568 2847 mddd.⁸·Ccder·dotd)lddrono‚
586 2789 622 2838 Et
644 2789 734 2839 Chiron
749 2794 820 2854 prius
837 2793 869 2840 od
886 2792 986 2840 eoudom
997 2788 1217 2853 eopnoscr‘torena]

218 2855 283 2918 lege,
301 2862 330 2904 ut
341 2857 447 2919 expressi
455 2857 508 2919 jam
519 2863 582 2904 sunt.
613 2856 664 2903 Gn.
692 2855 739 2905 Vel
757 2856 821 2918 lege,
839 2858 963 2920 udnmpro
979 2853 1220 2904 Une-scu.-

221 2919 299 2979 Tum]
311 2921 339 2968 de
353 2936 375 2982 g.
389 2922 484 2970 emend.
496 2922 532 2969 sb.
550 2935 602 2968 cum
611 2921 797 2983 sung-on.

252 2986 308 3034 641.
325 2984 399 3048 Pius]
418 2986 448 3034 de
465 3001 489 3048 g.
507 2985 602 3034 emend.
619 2987 654 3034 sb.
675 2990 746 3049 prius
758 2986 852 3048 BEGg.
871 2983 1054 3048 (Ibid)imom]
1068 2984 1108 3032 de.
1119 2999 1144 3046 g.
1155 2985 1219 3046 conj.

220 3050 255 3098 sb.
272 3053 321 3098 imo
333 3052 383 3098 BE.
401 3066 449 3098 reno
461 3049 602 3113 teg-01³.

253 3115 308 3162 642.
328 3115 395 3162 Tenc
408 3123 501 3178 pectore
515 3114 618 3178 pennos]
637 3113 718 3164 Possit
727 3115 776 3178 legi
786 3117 872 3164 vertice
883 3120 1035 3178 promotore,
1055 3113 1113 3176 quia
1128 3111 1220 3162 Aratus

222 3179 302 3238 habet,
318 3196 342 3228 r.
356 3181 420 3227 625:
438 3182 524 3244 Τῆμος
542 3177 723 3244 (ἐποιχομένην
743 3180 859 3244 κεφαλὴν
877 3177 1029 3244 perredderet
1047 3176 1138 3236 ἵππος.
1173 3179 1221 3227 Sed

220 3244 306 3292 Cicero
317 3259 413 3307 quoque
424 3252 497 3309 ceput
506 3261 555 3292 non
566 3246 692 3308 expressit,
704 3261 726 3294 v.
735 3247 797 3294 662:
817 3246 867 3294 Hic
875 3246 959 3308 sejam
966 3253 1040 3294 totum
1052 3260 1123 3293 cecos
1134 3243 1221 3307 Equos

220 3308 286 3356 obdit
306 3312 333 3357 tn
353 3309 455 3359 umbros.
493 3310 573 3358 Versu
594 3325 691 3372 quoque
712 3311 824 3373 sequenti
845 3320 930 3374 pectus
949 3311 1066 3368 nominet,
1087 3310 1152 3373 quod
1170 3325 1220 3357 non

218 3374 330 3422 nominet
345 3376 446 3422 Aratus.
480 3374 528 3422 Sed
540 3391 610 3424 mens
621 3376 692 3423 Arati
704 3383 729 3422 et
741 3377 890 3435 Germanici,
907 3377 1003 3424 sirecte
1020 3382 1149 3437 spectetur,
1167 3374 1220 3422 haec

220 3445 271 3495 est;
290 3439 378 3502 Equus
389 3440 430 3501 qui
442 3448 498 3488 cute
509 3442 587 3503 capite
598 3447 623 3488 et
633 3439 695 3488 coilo
714 3449 765 3488 eret
785 3443 933 3500 submersus,
954 3456 1019 3488 nunc
1040 3447 1105 3488 totus
1124 3439 1222 3489 occidit.

220 3503 255 3552 Et
265 3504 311 3551 hoc
323 3511 360 3552 est
371 3503 487 3567 κεφαλὴν
496 3502 650 3569 perredderet
664 3502 757 3563 ἵππος.
792 3506 893 3570 Cygnus
905 3507 946 3568 qui
957 3507 1002 3553 sub
1015 3505 1113 3566 Virgine
1124 3511 1221 3568 pectore

220 3575 245 3616 et
256 3569 342 3632 pennis
353 3569 480 3626 occideret,
492 3585 558 3618 nunc
569 3578 634 3619 totus
644 3571 742 3620 recedit.
777 3571 831 3620 Hoc
843 3571 909 3619 enim
921 3577 959 3618 est
973 3584 1111 3633 premersos
1126 3574 1221 3632 pectore

219 3648 315 3695 cypros.
350 3634 422 3682 Hanc
439 3635 615 3696 expositionem
634 3636 716 3684 firmet
736 3636 851 3700 Hyginus
862 3643 886 3684 et
899 3636 1043 3691 Martianus,
1055 3634 1097 3681 lib.
1110 3632 1184 3681 VIII.
1196 3649 1221 3696 p.

220 3699 275 3746 283.
295 3698 381 3748 Gnor.
417 3699 511 3762 Cypros
521 3716 658 3762 premerem
675 3701 751 3750 cnudo
771 3717 818 3749 non
837 3702 899 3749 tecet
912 3707 1014 3764 pectore,
1026 3700 1051 3746 id
1063 3705 1107 3758 est,
1120 3699 1221 3761 Cygnus

220 3763 262 3824 qui
273 3763 375 3810 cendum
383 3765 491 3826 primum
499 3766 524 3812 in
533 3781 600 3814 mare
612 3765 701 3824 intulit,
711 3766 789 3829 capite
801 3767 922 3814 eminente
936 3764 1038 3829 paulum
1049 3778 1121 3826 super
1132 3778 1222 3825 uquam

219 3842 278 3876 mox
289 3843 337 3875 non
350 3828 422 3877 lucet.
456 3829 481 3877 N
483 3845 523 3876 am
533 3837 606 3892 caput
616 3831 693 3878 stellis
704 3831 788 3894 psueis
797 3831 941 3893 insignitum
954 3840 998 3887 est,
1008 3837 1032 3876 et
1042 3828 1121 3890 msgis
1132 3828 1220 3890 magis-

220 3893 350 4005 qugcnppri
368 3894 530 3956 immergitur,
556 3895 577 3942 si
598 3895 731 3945 Poetarum
752 3897 860 3961 opinioni
878 3895 1049 3945 convenienter
1066 3893 1134 3956 loqui
1152 3892 1219 3942 licet.

254 4021 311 4072 643.
332 4021 426 4086 Cyprus
437 4023 485 4086 Gg.
503 4027 586 4086 otpnus
597 4027 651 4073 B.-
661 4025 716 4074 ΟΒ.
