2868 4848
525 637 529 646 .
630 613 785 660 sononia.
1161 593 1203 658 37

207 753 380 819 honorifice
394 752 486 818 astris
500 753 636 818 illatum.
680 752 832 836 Nigidius
842 749 950 828 refert,
963 749 1049 814 hunc
1061 747 1206 816 Leonem

207 841 367 904 nutritum
383 840 470 925 apud
486 839 613 905 Lunam
625 840 719 924 jussu
735 838 756 901 J
758 837 884 915 unoniS,
901 837 981 902 etin
996 846 1082 901 terra
1103 836 1206 902 Arca·

209 927 262 990 dia
280 927 316 990 in
334 926 465 1009 regione
490 923 633 989 Ncmaeae
656 924 690 988 in
712 924 864 1009 spelunca
879 919 1060 988 Mihdimon
1076 923 1205 986 nornine

208 1013 317 1089 fuerit,
334 1034 432 1096 quam
448 1011 578 1096 quidam
593 1009 735 1095 Aphriso
755 1009 879 1086 dicunt,
905 1010 1049 1158 effussu
1067 1007 1205 1072 Junonis

210 1098 251 1162 ad
276 1096 427 1161 Herculis
451 1097 589 1162 exitium
612 1096 786 1173 dimissum,
806 1116 903 1181 quem
964 1093 1086 1158 ercules
1109 1095 1206 1179 jussu

210 1183 386 1268 Eurysthei
405 1182 568 1246 interfecit
590 1204 662 1246 cum
684 1180 852 1246 Molorcho
872 1179 1000 1266 hospite
1019 1202 1088 1257 suo,
1113 1181 1205 1265 cujus

210 1269 330 1334 clavam
344 1291 403 1353 pro
418 1268 539 1332 viribus
555 1268 708 1332 tributam
723 1266 879 1351 principio
895 1278 945 1330 est
964 1265 1111 1351 adeptus,
1132 1287 1206 1330 cum

211 1377 275 1440 qua
299 1355 442 1418 Leonem
464 1353 637 1431 interiecit,
660 1353 769 1439 itaque
792 1352 1002 1437 posteaolava
1017 1351 1205 1437 progladio,

210 1440 294 1526 pelle
309 1463 368 1525 pro
383 1449 474 1503 scuto
489 1439 613 1523 reliquo
628 1448 772 1523 tempore
783 1438 833 1503 uti
847 1438 957 1523 coepit,
983 1447 1016 1502 et
1030 1437 1117 1522 apud
1139 1459 1207 1502 om-

211 1549 268 1590 nes
282 1525 432 1590 mortales
448 1537 560 1609 gratus
575 1525 616 1589 ob
634 1524 788 1588 virtutem
806 1523 918 1588 haberi
938 1523 1059 1609 coepit;
1083 1523 1104 1586 J
1106 1523 1207 1587 unoni

210 1635 306 1697 porro
320 1611 422 1695 magis
432 1611 505 1675 odio
521 1633 599 1675 esse.
645 1608 854 1694 Quapropter
867 1609 994 1674 leonem
1008 1608 1128 1674 eaelesti
1141 1631 1207 1673 rne-

211 1698 312 1762 moria
327 1697 496 1780 dignatum
510 1696 675 1760 voluntate
690 1696 711 1759 J
713 1695 827 1759 unonis
842 1718 900 1759 nos
914 1695 1117 1760 arbitramur.
1143 1693 1208 1760 Hic

212 1782 363 1848 notabilis
380 1794 414 1846 et
428 1782 588 1846 maximus
602 1781 688 1846 inter
708 1781 800 1866 signa
815 1792 873 1846 est.
919 1780 1070 1867 Plerique
1093 1780 1206 1845 volunt

213 1869 358 1933 Nemaeae
382 1868 547 1952 gymnicos
570 1868 664 1932 ludos
689 1867 731 1931 ob
753 1868 840 1931 hunc
863 1867 1007 1931 Leonem
1029 1867 1206 1931 institutos.

213 1955 280 2020 Hic
300 1966 387 2019 totus
406 1955 576 2038 figuratur.
622 1952 734 2019 Habet
753 1952 871 2031 stellas,
895 1953 930 2017 iu
951 1953 1055 2038 capite
1075 1963 1151 2030 tres,
1172 1952 1208 2015 in

212 2041 294 2105 collo
314 2041 402 2116 duas,
425 2040 459 2103 in
477 2050 606 2123 pectore
624 2038 741 2103 claram
765 2060 874 2116 unam,
898 2039 933 2103 in
958 2039 1049 2123 spina
1072 2048 1148 2115 tres,
1172 2039 1208 2101 in

213 2127 315 2192 cauda
336 2125 442 2189 media
464 2147 573 2203 unam,
594 2125 629 2188 in
652 2125 767 2188 ultima
786 2125 887 2189 cauda
905 2125 1023 2191 claram
1044 2147 1152 2202 unam,
1172 2123 1208 2188 iu

213 2212 319 2277 medio
339 2222 449 2276 ventre
469 2233 578 2287 unam,
599 2211 659 2274 sub
679 2221 808 2296 pectore
829 2210 918 2288 duas,
941 2211 1102 2296 inpriore
1126 2210 1207 2295 pede

212 2297 330 2362 claram
345 2319 453 2374 unam,
470 2297 530 2360 sub
544 2307 655 2360 ventre
668 2318 768 2360 unam
780 2295 907 2373 claram,
925 2296 960 2359 in
972 2296 1078 2360 medio
1087 2295 1208 2360 ventris

212 2406 321 2460 unam,
342 2383 377 2446 in
399 2381 574 2468 posteriore
596 2381 676 2466 pede
697 2381 814 2446 claram
833 2404 943 2460 unam,
964 2382 999 2446 in
1019 2405 1106 2465 genu
1121 2391 1209 2466 post·

212 2470 308 2533 eriori
326 2468 442 2532 claram
467 2490 575 2532 unam.
620 2467 720 2532 Fiunt
743 2489 853 2532 omnes
884 2468 994 2532 decem
1020 2479 1053 2533 et
1082 2490 1207 2533 novem.

212 2553 377 2621 Videntur
392 2554 463 2618 aliae
472 2553 573 2618 stellae
587 2553 731 2617 obscurae
741 2564 864 2638 septem
871 2555 970 2639 juxta
981 2555 1113 2619 caudam
1127 2555 1207 2638 ejus,

214 2663 288 2726 quae
303 2650 456 2706 vocantur
469 2640 572 2704 crines
589 2639 769 2717 Berenices,
786 2649 820 2703 et
835 2650 911 2704 sunt
926 2662 1035 2704 earum
1049 2639 1209 2724 virginum

214 2749 289 2812 quae
304 2725 410 2791 Lesbo
421 2726 597 2811 perierunt.
644 2724 706 2789 Illa
720 2736 829 2790 autem
844 2748 959 2809 magna
973 2737 1007 2791 et
1022 2725 1116 2804 clara,
1133 2748 1208 2810 quae

212 2813 247 2878 in
286 2821 391 2876 ectore
403 2814 471 2897 ejus
486 2821 547 2887 est,
563 2811 743 2896 appellatur
756 2809 936 2896 Tyberoue.

294 2898 323 2961 ic
342 2898 480 2980 agitator
500 2896 730 2961 Erichthonius
749 2897 867 2962 dicitur
890 2897 988 2982 fuisse
1011 2895 1150 2962 Vulcani
1175 2907 1209 2961 et

213 2981 373 3048 Minervae
397 2983 493 3046 filius.
540 2981 609 3048 Qui
628 2981 795 3047 Vulcanus
814 3005 889 3048 cum
908 2983 980 3048 Jovi
998 2983 1121 3048 fulmen
1141 2982 1210 3047 effi-

213 3080 311 3146 ceret,
324 3069 365 3133 ab
380 3068 458 3132 Jove
474 3069 664 3152 promissum
679 3069 787 3153 coepit,
804 3079 842 3133 ut
853 3069 1007 3154 quicquid
1021 3069 1118 3133 vellet
1127 3091 1210 3153 prae·

214 3163 366 3219 sumeret.
412 3152 473 3218 Ille
490 3152 669 3220 Minervam
684 3154 719 3217 in
731 3155 899 3239 conjugem
912 3156 1035 3239 petivit.
1080 3156 1102 3219 J
1103 3155 1210 3239 upiter

213 3241 384 3325 imperavit
400 3240 569 3316 Minervae,
586 3251 623 3304 ut
637 3239 856 3323 virginitatem
870 3241 1066 3306 defenderet.
1104 3240 1209 3306 Dum-

215 3349 278 3412 que
294 3326 476 3389 cubiculum
489 3326 670 3404 introirent,
686 3326 836 3390 certando
859 3325 1026 3391 Vulcanus
1046 3349 1154 3391 semen
1172 3327 1209 3390 in

238 3412 433 3476 avimentum
449 3411 539 3497 jecit,
561 3412 647 3475 unde
666 3422 762 3476 natus
781 3422 831 3476 est
850 3413 1092 3490 Erichthonius,
1112 3434 1209 3496 quem

214 3435 364 3562 llinerva
376 3498 411 3561 in
420 3498 498 3560 cista
509 3498 684 3574 abscondit,
696 3497 898 3583 draconeque
907 3500 1038 3564 custode
1051 3499 1209 3584 apposito,

162 3605 165 3610 ·
215 3584 341 3648 duabus
366 3584 525 3647 sororibus
547 3583 692 3666 Aglauro
716 3593 749 3647 et
773 3582 936 3651 Pandroso
965 3584 1207 3650 commendavit.

217 3669 281 3735 Hic
296 3669 418 3754 primus
432 3691 544 3732 currus
557 3669 702 3733 homines
716 3670 807 3754 equis
816 3671 939 3755 junctis
962 3671 1071 3736 docuit
1090 3669 1210 3734 similes

215 3755 380 3840 quadrigae
391 3755 465 3819 solis
474 3754 586 3822 facere.
617 3754 760 3819 Primum
771 3755 988 3821 Panathenaea
997 3756 1211 3834 constituisse,

215 3863 320 3905 arcem
335 3840 556 3926 templumque
571 3841 744 3905 aedificdsse
759 3842 886 3920 dicitur,
902 3866 998 3928 quem
1014 3842 1142 3926 Jupiter
1154 3841 1211 3905 mi·

214 3937 304 3991 ratus
318 3927 411 3990 astris
425 3938 590 4011 receptum
605 3928 767 3991 memoriae
787 3928 928 3992 tradidit.
975 3928 1016 3993 In
1035 3929 1095 3991 hoc
1117 3927 1209 4010 signo

216 4021 249 4076 et
265 4011 370 4096 Capra
385 4023 444 4090 est,
466 4034 562 4096 quam
577 4013 611 4077 in
625 4012 759 4076 humero
778 4024 896 4098 portat,
919 4037 992 4099 quae
1015 4014 1037 4077 J
1038 4035 1127 4077 ovem
1148 4034 1209 4075 nu·

217 4098 316 4164 trivit.
361 4096 510 4183 Itemque
527 4099 597 4184 ejus
611 4099 669 4163 filii
686 4097 798 4178 Hoedi,
817 4123 896 4183 quos
909 4101 1020 4186 auriga
1030 4101 1063 4164 in
1080 4098 1210 4164 brachio
