2902 4838
257 543 334 592 lonii
721 557 799 594 rou

262 681 338 732 Deam
347 683 386 732 rel
393 683 522 734 mla
533 682 714 746 Capricornum,
732 683 763 733 dt
773 684 875 734 modicos
886 685 972 734 imbres
987 689 1059 750 proni
1069 701 1123 735 com
1133 683 1253 737 nonnose

260 747 340 798 rann
352 749 434 812 Aliper
445 753 469 796 rt
477 748 569 812 liquido
578 763 626 796 non
634 763 707 798 mous
717 749 747 798 ob
757 751 841 799 etitem
851 751 940 812 findet,
958 750 1016 812 (sic)
1035 751 1140 800 insertare
1153 754 1251 814 compe,

255 821 339 872 m,
349 829 421 878 qutun
431 814 509 875 letifer
518 820 572 862 orto
582 815 659 862 Εἰνὶω
668 815 765 878 adierit
777 818 891 873 mcitoro,
903 823 1017 880 temperat
1026 823 1111 876 estem
1126 817 1154 866 iu
1162 819 1258 898 quibs,

255 879 341 992 intrusit
351 877 399 928 slis
407 878 541 994 Qhffiffl
549 877 597 928 slis
608 894 705 943 prorsus
716 880 854 943 rejiciendo,
870 879 946 930 veluti
962 897 1015 930 com
1024 897 1144 932 nmrmnre
1164 882 1251 942 Tuom,

256 959 271 993 e
291 947 408 994 written

289 1009 330 1058 41,
346 1009 455 1072 Scorpios
471 1009 505 1058 od
519 1011 598 1072 prime
616 1008 750 1073 qm'rotit]
771 1009 903 1060 Verissime
923 1009 1042 1060 Heinsius
1057 1018 1083 1060 ot
1098 1014 1183 1074 primu
1201 1028 1251 1076 ono

257 1075 320 1124 tollit
336 1077 444 1124 mins
463 1075 551 1123 mode.
584 1073 649 1123 Dein
668 1073 780 1123 vitiosam
799 1075 888 1124 codicis
905 1075 1049 1138 scripturam
1069 1077 1104 1124 sic
1123 1077 1250 1126 emaculo:

255 1138 353 1188 Martio
371 1153 420 1188 non
434 1137 489 1188 illoc
506 1137 634 1189 turbabunt
650 1139 699 1188 telo
718 1145 797 1203 nepos
811 1139 904 1197 imbreo,
920 1140 969 1188 dut
987 1142 1039 1189 ullo
1054 1142 1159 1192 condent.
1194 1143 1251 1192 Nisi

256 1205 339 1254 condet
349 1203 503 1254 referendum
518 1205 550 1252 sd
565 1220 643 1253 nerem
661 1206 786 1253 victurnio
796 1219 847 1268 seq.
866 1219 944 1253 verso
979 1205 1028 1255 Ubi
1039 1206 1064 1254 dl
1075 1221 1118 1270 pro
1128 1207 1185 1254 siin
1197 1208 1250 1256 cod.

256 1268 359 1319 Putem.
370 1268 457 1318 deinde
483 1284 509 1318 ro
520 1285 583 1334 spuo
594 1277 619 1318 et
629 1277 741 1332 corrupta
757 1269 859 1318 lectione
877 1267 936 1320 Rim
953 1271 1026 1334 rigor,
1047 1271 1197 1333 cogitabam:
1214 1272 1251 1320 Et

255 1339 336 1382 uentu
352 1340 395 1383 not
484 1341 494 1383 t
510 1349 595 1398 moos,
612 1335 769 1396 gelidissimus
786 1335 848 1382 onds
867 1333 909 1382 Fit
926 1336 999 1397 rigor.
1033 1335 1080 1384 Sed
1094 1338 1251 1398 pelidissimsn

254 1399 327 1448 unda
345 1399 396 1461 (vel
412 1399 492 1461 undis)
507 1399 595 1458 Inuet,
608 1399 763 1462 ve11nproet,
777 1405 800 1446 et
810 1405 859 1448 toto
871 1401 968 1459 Borean
980 1402 1025 1448 icc.
1035 1403 1177 1464 praeierebst
1188 1403 1250 1449 smi-

255 1464 368 1514 eistimus
379 1463 761 1514 Helvetios.-BURM.-od
773 1466 852 1528 prime
867 1480 915 1527 qno
924 1467 982 1513 colit
992 1469 1099 1514 acumine
1110 1467 1165 1529 (sic)
1174 1467 1251 1515 condo

255 1543 279 1593 p.
297 1535 325 1578 nt
331 1533 415 1594 prim
425 1545 473 1593 pris
483 1529 546 1577 toltit
554 1532 665 1578 crumino
674 1529 755 1578 condo
766 1529 941 1578 Heius-OB,

288 1595 329 1643 48.
345 1594 481 1658 Itelossepno
495 1609 520 1657 p.
543 1594 640 1643 Martio
656 1609 705 1642 non
722 1595 776 1642 iilos
794 1593 923 1642 turbabunt
941 1595 990 1643 telo
1007 1609 1080 1658 nepos
1098 1595 1185 1644 imbres
1202 1596 1249 1646 Bu.

256 1658 355 1709 Mor-tio
364 1675 412 1708 non
422 1659 477 1708 ilios
487 1658 591 1708 turbabit
599 1657 667 1707 stello
676 1674 751 1722 nrqroe
760 1658 845 1708 imbres
859 1658 1023 1708 Helm-OR-

289 1727 330 1774 44.
348 1725 426 1774 Haud
433 1724 485 1774 ullo
496 1724 579 1773 cmdet
588 1740 612 1788 p.
628 1724 679 1773 Aut
688 1723 740 1772 nilo
749 1725 847 1772 condent
858 1723 997 1774 ion-011„

289 1791 332 1838 46.
348 1790 462 1854 beddip.
479 1787 559 1838 Sedet
569 1789 706 1840 Bu.-0R.

289 1854 329 1906 47.
347 1855 405 1904 iiim
414 1855 480 1918 rigor
489 1853 564 1902 etism
573 1869 597 1917 p.
615 1853 658 1903 Fit
667 1855 734 1917 ripor
744 1852 883 1902 lon-on„

288 1921 329 1967 48.
346 1919 383 1968 Ao
394 1919 510 1982 'flmiles
516 1915 587 1981 plebe
599 1921 614 1954 ⁸
626 1918 693 1968 boeto
702 1919 894 1982 sttinpitfiipore
904 1918 987 1983 oerrso]
1005 1919 1116 1968 Ductum
1127 1920 1251 1970 mendosae

255 1985 453 2034 membranarum
471 1984 597 2046 scripturos
613 1991 712 2032 secutus
726 1983 779 2032 haec
790 1992 815 2033 et
825 1985 996 2046 sequeutinsic
1008 1985 1177 2033 comtitueuda
1186 1986 1250 2034 arbi-

256 2055 320 2097 tror:
338 2052 372 2098 At
383 2049 473 2111 faciles
488 2049 569 2112 pletas
578 2051 691 2112 astringit
700 2051 798 2113 fiipore
807 2065 878 2097 verno
888 2048 960 2098 Almo
973 2049 1055 2108 Venor,
1074 2051 1175 2098 Pecodis
1186 2052 1251 2100 clnro

256 2127 309 2162 eom
318 2113 481 2176 oellmefitlss't
491 2113 538 2163 Sub
548 2113 623 2163 lucem
631 2115 748 2163 moriens.
781 2114 864 2162 Primo
875 2130 962 2177 nempe
972 2129 1044 2162 versu
1052 2113 1133 2176 plebne
1140 2117 1254 2178 ostrinpit

255 2177 347 2228 librarii
357 2194 445 2228 munos
457 2179 542 2236 voluit,
556 2179 672 2228 hesitans
682 2194 714 2226 nn
722 2177 794 2241 plebe
804 2179 843 2227 rel
851 2179 933 2242 ylebon
942 2180 1066 2236 scriberet,
1076 2179 1141 2228 unde
1152 2189 1252 2230 enatum

254 2243 326 2306 plebe
337 2244 526 2308 bosmstrinpit:
537 2260 586 2307 seq.
596 2259 666 2292 versu
678 2241 779 2293 Pecndis
789 2245 853 2294 claro
863 2259 916 2292 cnm
928 2245 1019 2306 vellere,
1027 2244 1098 2293 litera
1107 2245 1252 2308 majuscula,

256 2309 349 2359 Arietis
359 2323 454 2372 nempe.
488 2309 566 2358 Utin
582 2309 719 2372 fragmento
736 2309 801 2372 apud
821 2309 943 2370 Grobum,
959 2309 1173 2372 pag.126,infin.
1191 2310 1266 2359 Com·

255 2372 361 2424 Persidis
379 2373 445 2424 villis
461 2381 573 2424 summm
585 2375 686 2436 solsmit
703 2380 802 2422 ostrum.
838 2374 887 2422 Ubi
905 2374 1023 2423 Heinsius
1039 2377 1173 2438 conjecerat
1192 2374 1253 2424 Com

255 2442 355 2490 mnium
373 2440 438 2489 villis
455 2442 548 2488 curatis
560 2440 661 2502 solsoeit
677 2445 774 2488 nstrum.
808 2439 931 2487 Ultimum
949 2455 1054 2496 versum,
1073 2455 1150 2502 aquo
1166 2440 1253 2504 incipit

253 2504 419 2568 fragmentum
429 2506 534 2567 mnjuss
546 2505 631 2552 Grotio
642 2505 744 2563 editum,
762 2504 797 2552 sic
813 2520 843 2554 ex
859 2505 964 2552 editione
984 2506 1125 2554 Astronom.
1142 2513 1252 2554 veterum

256 2570 354 2629 Aldine,
366 2587 406 2620 nn.
419 2571 490 2629 1499,
509 2570 550 2620 ubi
568 2569 658 2632 legitur
674 2575 730 2632 post
747 2569 867 2633 Hydram,
884 2571 951 2630 (nom
969 2570 1018 2618 duo
1036 2569 1132 2618 minora
1147 2585 1178 2618 ex
1194 2571 1250 2620 MS.

253 2637 368 2697 produxit
379 2636 489 2696 Grotius)
499 2635 525 2683 iu
535 2650 581 2683 suo
592 2635 749 2698 syntagmate
758 2634 882 2682 exhibuit:
898 2634 1037 2683 AEtberinm
1047 2639 1111 2682 venit
1121 2634 1252 2684 thalamum

254 2715 324 2764 snper
334 2700 448 2750 imbribus
458 2707 546 2760 ntmm,
559 2699 595 2748 Et
606 2704 703 2755 tonitru,
714 2699 839 2763 crebroque
849 2699 970 2748 abscondit
977 2699 1094 2762 prandisse
1104 2706 1185 2748 terroe.
1220 2700 1252 2749 Iu

254 2766 319 2814 uotis
330 2781 393 2823 sero,
404 2781 459 2828 png.
472 2766 512 2824 27,
529 2765 661 2827 legendum
672 2765 808 2812 existimet:
827 2763 965 2813 AEtbesiom
977 2767 1042 2813 venit
1054 2763 1163 2813 Taurum
1173 2780 1251 2828 super,

254 2831 368 2879 imbribus
378 2833 444 2884 atris.
456 2830 492 2878 Et
502 2833 601 2888 tonitru,
613 2832 657 2878 inc.
692 2828 759 2878 Illud
770 2830 835 2877 enim
845 2829 1010 2891 fragmentum
1021 2830 1050 2878 de
1062 2829 1138 2878 Stella
1149 2830 1252 2879 Veneris

254 2910 269 2942 n
279 2895 360 2943 Tauro
370 2895 476 2958 incipere
487 2901 563 2954 notat,
582 2902 646 2943 recte
657 2894 770 2942 odoratur
781 2894 873 2957 aliquid
883 2894 912 2942 de
923 2894 1007 2943 Ariete
1018 2895 1117 2943 debsse:
1135 2895 1200 2956 quod
1210 2895 1251 2943 hic

252 2960 325 3008 modo
335 2961 458 3023 precessit
476 2958 650 3008 Pecndiscloro
660 2975 714 3008 mom
724 2961 808 3008 vellere
820 2960 895 3020 flebit
912 2959 959 3008 sni
979 2960 1054 3008 lucem
1071 2963 1185 3008 exoriens
1220 2961 1252 3008 Iu

252 3026 334 3073 codice
355 3034 437 3073 eutem
458 3026 582 3074 Pntsaneo
593 3024 734 3074 AEtberenm
751 3027 816 3072 venit
837 3031 929 3074 nostroe
946 3039 1016 3087 snper
1033 3023 1147 3074 imbribus
1165 3031 1250 3086 astron,

252 3091 338 3139 vitiose
359 3091 492 3153 legebatur,
514 3091 556 3138 sed
581 3089 690 3138 Tonrmn
710 3104 787 3152 snper,
810 3089 924 3138 imbribus
945 3093 1012 3148 otiis,
1035 3090 1095 3138 bene
1118 3090 1251 3153 conjecisse

251 3156 347 3204 videtur
366 3156 475 3214 Grotius,
494 3156 542 3203 uini
559 3155 630 3202 malis
649 3169 707 3203 cnm
727 3153 790 3202 Jsuo
812 3153 942 3203 Helvetios
969 3155 1105 3218 Eodnnqoe
1124 3158 1166 3203 nbi
1182 3161 1248 3218 tergo

251 3222 348 3284 reliquit
364 3220 460 3281 Arietis,
477 3223 504 3268 in
526 3223 631 3268 Taurum
649 3223 712 3268 vonit
729 3235 808 3282 snper,
826 3219 940 3268 imbribus
958 3222 1027 3278 atris,
1045 3221 1091 3267 &c-
1110 3235 1188 3282 nuper,
1206 3235 1250 3283 pro

252 3286 362 3349 desuper,
374 3286 413 3334 vel
423 3301 533 3349 superne.
567 3286 656 3333 Arietis
665 3285 744 3347 prims
753 3285 827 3348 longe
838 3292 862 3333 et
873 3285 1028 3348 trisyllabice,
1045 3293 1074 3332 ut
1084 3285 1111 3332 in
1121 3285 1211 3344 Abiete,
1225 3293 1249 3334 et

252 3351 307 3399 sim.
325 3351 438 3400 imbribm
456 3353 516 3399 atris
534 3351 659 3398 verissima
676 3349 747 3398 lectio
759 3357 803 3408 est,
817 3355 846 3398 ut
855 3349 882 3398 in
893 3349 937 3398 illo
946 3349 1044 3412 Virgilii
1054 3350 1078 3398 Ι.
1091 3351 1182 3414 Georg.
1193 3353 1249 3408 235,

251 3415 281 3464 da
291 3417 376 3465 conisa
396 3416 474 3474 Quom
484 3419 572 3464 circum
582 3421 688 3463 extremo
699 3416 782 3464 dextro
793 3416 895 3478 loevopoe
905 3416 1034 3464 nubuntur
1053 3413 1156 3464 omnen
1173 3417 1250 3479 plocio

250 3489 360 3531 cosscretc
370 3487 441 3545 otone
451 3481 564 3530 imbribus
574 3483 643 3530 atris.
676 3479 717 3528 Ex
727 3496 775 3543 quo
782 3481 907 3528 verissime
919 3479 1045 3528 Bentleius
1057 3482 1088 3528 sd
1098 3479 1184 3528 Horat.
1196 3480 1249 3529 111.

251 3547 289 3594 od.
302 3549 341 3605 24,
355 3549 395 3607 39,
406 3547 504 3608 corrigit
514 3546 596 3594 locum
608 3545 715 3603 Firmici,
725 3545 782 3594 Lib.
794 3545 815 3593 Ι.
835 3544 958 3608 Astrolog.
969 3561 1021 3608 cop.
1033 3547 1056 3602 4,
1068 3545 1098 3592 de
1107 3544 1249 3608 Virgilisnis

250 3611 408 3661 hisversibus
418 3627 572 3674 expressum:
591 3612 641 3658 dno
652 3626 706 3658 vero
723 3627 773 3672 qno
791 3616 906 3659 extremm
925 3611 1007 3658 mnndi
1023 3614 1104 3672 portes
1121 3615 1248 3670 continent,

250 3677 339 3726 dextris
354 3677 418 3725 lovis
480 3673 591 3724 interibant
608 3675 754 3734 inherentes,
773 3677 868 3724 cumton
879 3677 956 3724 colore
965 3678 1069 3738 sipnote,
1088 3677 1148 3723 utria
1159 3691 1249 3738 semper

250 3740 363 3791 imbribus
369 3693 461 3804 (mubbae
455 3741 528 3804 vulgo
538 3741 647 3801 nubibus)
653 3743 807 3799 inundantur,
819 3747 841 3788 et
851 3746 960 3788 tortoreto
973 3744 1034 3801 (non
1041 3740 1160 3802 concreto)
1170 3742 1248 3803 pincio

249 3811 272 3853 et
282 3810 428 3872 sempiternis
440 3809 535 3870 pruinis
545 3813 568 3853 et
577 3808 670 3854 duratis
685 3807 740 3868 gelo
756 3805 850 3854 nivibus
867 3805 1008 3854 obsidentur.
1041 3805 1156 3854 Ceterum
1168 3806 1246 3853 couti-

249 3880 323 3921 nunto
334 3882 416 3921 tenore
427 3873 480 3920 haec
491 3877 515 3920 et
525 3873 650 3934 sequentia
669 3871 810 3933 Fragmenti
828 3871 903 3929 illius,
924 3871 954 3918 ab
965 3870 1029 3917 Aldo
1041 3877 1066 3918 et
1077 3871 1162 3918 Grotio
1180 3871 1247 3926 editi,

248 3939 451 3986 connectebantur
469 3953 526 3985 cum
545 3937 680 4000 fragmento
700 3936 746 3984 hoc
766 3935 855 3984 codicis
874 3936 1000 3994 Puteauei‚
1020 3935 1084 3983 unde
1094 3935 1168 3999 primi
1184 3935 1247 3983 illud

247 4002 414 4064 produximus,
431 4003 496 4066 quod
506 4001 653 4064 diligentiori
663 4017 728 4059 curs,
749 4007 775 4049 ut
786 4016 919 4063 speramus,
940 4001 985 4048 viri
1003 4000 1091 4048 eruditi
1110 4000 1246 4050 emaculare

247 4065 671 4130 dignabuntur.-BURM.—-Ad
680 4067 775 4130 fissiles
791 4066 862 4129 plebe
881 4067 923 4115 bns
934 4072 958 4114 to
969 4069 1064 4129 stringit
1075 4082 1099 4130 p.
1117 4065 1148 4114 Ae
1158 4066 1248 4126 ‚moilen

245 4133 325 4196 glebas
335 4136 446 4195 astringit
456 4132 595 4183 Bm-OR„
