2868 4848
243 561 287 630 56
665 583 822 630 senonis.

243 723 369 792 Corvus
382 725 549 792 ideoiuter
563 736 649 792 astra
663 727 835 794 collocatus
850 725 978 804 dicitur,
994 747 1033 790 eo
1049 725 1243 810 quodfuerit

242 812 277 876 in
290 810 392 878 tutela
403 811 575 898 Apollinis,
591 836 684 898 aquo
694 814 808 879 missus
819 813 860 878 ad
870 811 1005 888 fontem,
1021 823 1060 876 ut
1075 811 1135 877 diis
1150 814 1191 878 ad
1205 813 1244 878 li·
1291 891 1295 898 Ι

242 899 385 963 bandum
407 921 523 984 aquarn
550 899 699 978 deferret,
722 923 795 964 cum
815 898 946 964 vidisset
967 898 1096 962 arbores
1117 921 1242 982 grossos

243 983 323 1049 ficus
350 983 517 1062 babentes,
544 985 653 1050 volans
678 985 822 1050 consedit
842 985 876 1049 in
902 985 959 1063 eis,
984 985 1084 1048 donec
1103 997 1241 1049 matnrae

242 1070 368 1150 fierent,
392 1081 426 1136 et
444 1093 561 1155 aquam
576 1071 699 1136 deferre
723 1071 867 1148 distulit;
889 1081 965 1156 post
987 1092 1106 1154 paucos
1132 1081 1241 1136 autem

243 1155 310 1221 dies
328 1168 458 1242 peracto
473 1157 635 1235 sacrificio,
660 1179 734 1222 cum
756 1157 811 1221 ille
834 1157 910 1221 ficos
929 1156 1128 1234 comedisset,
1151 1167 1185 1220 et
1208 1180 1241 1221 se

243 1241 302 1307 diis
317 1241 463 1328 peccdsse
481 1243 641 1320 sensisset,
659 1243 764 1308 denuo
776 1245 817 1308 ad
827 1243 960 1319 fontem,
977 1253 1014 1306 ut
1029 1264 1146 1327 aquam
1161 1241 1242 1306 hau-

241 1327 330 1406 riret,
346 1329 452 1406 rediit,
466 1338 500 1393 et
513 1330 554 1393 ab
576 1329 691 1414 Hydra
711 1329 885 1394 exterritus
903 1351 958 1393 vas
977 1350 1111 1392 vacuum
1131 1350 1242 1413 repor-

242 1415 332 1492 tavit,
359 1415 466 1480 dicens
492 1415 666 1480 excessisse
690 1437 818 1500 aquam,
853 1437 927 1500 quae
950 1415 1055 1480 fuerat
1078 1414 1114 1477 in
1137 1413 1238 1479 fonte.

243 1499 446 1584 Cognoscens
460 1500 588 1586 Apollo,
602 1501 662 1565 sibi
678 1523 806 1566 corvum
818 1501 975 1586 peccasse,
988 1499 1154 1585 prohibuit
1164 1523 1241 1565 eum

242 1608 280 1650 eo
305 1597 449 1671 tempore
473 1609 590 1672 aquam
611 1587 735 1664 bibere,
760 1598 798 1653 ut
822 1586 1015 1651 Aristoteles
1039 1586 1118 1650 dicit
1141 1586 1177 1650 in
1201 1610 1240 1651 eo

240 1671 335 1750 libro,
372 1672 459 1736 uide
475 1672 596 1738 Bestiis
610 1673 770 1738 scribitur.
815 1673 862 1736 Et
878 1671 1020 1737 Isidorus
1035 1672 1070 1735 in
1085 1673 1240 1737 naturali-

240 1758 312 1836 bus,
328 1694 378 1823 vll
392 1757 587 1844 inphysicis,
602 1759 764 1823 memorioe
777 1759 919 1836 tradidit,
934 1758 1022 1843 quod
1035 1758 1103 1842 ipse
1114 1760 1239 1842 peccati

240 1866 355 1929 poenas
370 1844 472 1924 daret,
487 1844 542 1928 qui
558 1855 591 1909 et
606 1855 719 1930 postea
733 1845 826 1909 astris
839 1844 948 1909 illatus
958 1855 1016 1908 est.
1061 1841 1239 1910 Craterau-

241 1941 308 1994 tem
323 1930 358 1994 in
373 1929 478 1994 medio
493 1951 598 2014 angue
611 1931 734 2016 positus
750 1941 818 2009 est3
842 1932 975 1996 caudam
990 1940 1099 1994 autem
1123 1931 1238 2014 anguis

242 2012 397 2080 Corvusa
444 2016 504 2080 etit
518 2027 632 2094 rostro,
649 2038 754 2102 neque
773 2027 880 2101 potest
898 2021 997 2102 juxta
1016 2017 1176 2096 accedere,
1199 2027 1238 2080 ut

239 2101 341 2166 bibat.
399 2037 511 2167 liabet
532 2103 646 2186 anguis
666 2103 773 2167 stellas
793 2103 828 2166 in
851 2103 955 2187 capite
975 2102 1075 2166 claras
1100 2112 1178 2179 tres,
1202 2103 1238 2166 iu

240 2186 346 2271 prima
358 2187 483 2252 flexura
496 2211 567 2266 sex,
581 2198 688 2253 etune
700 2188 799 2252 exeis
811 2189 945 2253 obscura
959 2187 1000 2252 ad
1016 2187 1180 2264 ultimum;
1202 2187 1238 2252 in

240 2273 380 2338 secunda
393 2273 520 2338 flexura
533 2283 609 2351 tres,
624 2275 659 2337 in
675 2275 771 2339 tertia
786 2286 936 2360 quatuor,
951 2273 986 2338 in
1010 2284 1126 2357 quarta
1145 2274 1236 2352 duas,

239 2359 404 2510 iffluinta
418 2382 519 2447 usque
535 2360 576 2425 ad
590 2360 723 2424 caudam
747 2371 819 2425 octo
841 2360 951 2425 claras.
997 2358 1098 2423 Fiunt
1125 2381 1236 2424 omnes

318 2445 381 2511 VI.
426 2445 600 2510 Paululum
616 2446 676 2511 sub
690 2446 793 2530 prima
807 2446 933 2511 flexura
944 2443 1132 2512 Cretersive
1144 2445 1238 2510 Urna

240 2531 320 2596 situs
336 2542 395 2608 est,
410 2531 581 2596 inclinatus
593 2532 633 2597 ad
643 2555 749 2617 genua
759 2530 913 2615 Virginis.
959 2531 1071 2596 Habet
1082 2531 1190 2596 stellas
1201 2532 1237 2595 in

240 2617 338 2682 labris
362 2618 510 2682 obscuras
533 2618 622 2693 duas,
647 2641 706 2704 per
729 2617 856 2702 singula
878 2619 979 2683 latera
994 2629 1069 2695 tres,
1084 2617 1119 2680 in
1134 2617 1236 2682 fundo

240 2704 329 2768 duas.
375 2703 459 2768 Sunt
472 2725 582 2768 omnes
597 2704 644 2770 X.
690 2704 811 2769 Corvus
827 2715 947 2781 autem,
965 2704 1020 2788 qui
1040 2713 1089 2767 est
1105 2704 1145 2767 ad
1160 2703 1237 2770 ulti-

240 2810 325 2853 mam
341 2790 409 2874 ejus
424 2790 568 2867 caudam,
590 2802 735 2876 spectans
755 2790 796 2854 ad
819 2812 977 2866 occasum,
998 2788 1096 2854 habet
1117 2788 1237 2868 stellae,

240 2875 391 2961 incapite
406 2875 522 2940 clarem
536 2898 643 2954 uuam,
660 2877 693 2940 in
709 2877 759 2941 ala
774 2877 862 2953 duas,
877 2877 910 2940 in
927 2875 1027 2940 cauda
1043 2887 1119 2955 tres,
1132 2875 1167 2939 in
1183 2898 1240 2960 pe·
1256 2930 1258 2934 .

240 2961 334 3025 dibus
350 2961 489 3044 singulas
505 2963 545 3026 ab
561 2963 736 3047 unguibus.
784 2963 869 3028 Sunt
881 2984 991 3026 omnes
1001 2984 1070 3026 sex.
1117 2960 1239 3026 Omnes

240 3047 336 3112 simul
349 3049 434 3112 fiunt
449 3046 586 3113 XLIII.

315 3411 358 3478 V.
384 3410 592 3476 SCHOLIA
609 3409 717 3476 SIVE
735 3409 1097 3477 COMMENTARIA
1113 3409 1168 3475 IN

456 3520 794 3588 PROGNOSTICA
810 3520 1018 3587 ARATEA.

241 3660 360 3725 Sonnru
383 3682 441 3744 per
465 3660 605 3745 seipsum
629 3670 754 3724 constat
780 3659 909 3737 moveri,
931 3681 996 3723 non
1020 3680 1094 3722 cum
1117 3657 1238 3722 mundo

238 3747 330 3824 verti,
347 3746 448 3810 sedin
461 3747 582 3812 zodiaci
593 3747 699 3810 circuli
715 3745 905 3830 obliquitate
917 3767 1045 3809 cursum
1057 3766 1237 3830 peragrare,

238 3832 337 3917 paulo
353 3833 499 3918 superius
517 3832 675 3909 diximus;
699 3832 756 3917 qui
771 3853 910 3916 comper
920 3841 1079 3894 trecentos
1089 3830 1239 3912 sexagin-

239 3930 273 3984 ta
285 3919 427 4003 quinque
444 3919 520 3995 dies,
538 3929 571 3982 et
587 3919 797 4002 quadrantem
810 3918 976 3982 zodiacum
987 3917 1113 3994 lustret,
1129 3925 1162 3980 et
1174 3916 1238 3980 sin-

238 4005 314 4089 gula
336 4005 465 4069 tricenis
489 4004 601 4068 diebus
627 4004 780 4090 denisque
804 4003 890 4067 horis
911 4026 946 4068 ac
966 4003 1106 4080 semisse,
1132 4002 1237 4066 idest

239 4091 370 4157 dimidia
377 4089 465 4170 hora,
472 4100 667 4159 transcurrat
674 4090 872 4157 incremento
879 4087 1237 4158 dimidiarumhorarum
