2868 4848
228 495 273 564 30
627 512 825 562 ernustum

226 659 357 726 Dextra
370 665 541 734 mmrstrat,
556 655 597 722 ad
610 654 901 807 augrriafflertinet
923 655 1039 722 avium.
1085 656 1230 744 Propter

226 743 314 828 quod
328 757 362 808 et
377 741 478 810 Stoici
501 742 613 808 Jovem
636 765 704 808 esse
725 765 744 807 a
779 751 896 820 nnant,
912 743 969 829 qui
983 766 1043 829 per
1056 746 1227 810 materiam

225 840 336 894 manat
351 829 494 914 spiritus,
521 839 556 893 et
577 828 689 894 similis
712 839 762 893 est
786 837 905 894 nostrae
929 829 1056 896 auimae.
1100 830 1226 913 (Zeno-

225 914 321 980 dotus
336 925 443 980 autem
459 913 591 980 AEtolus
606 924 639 979 et
654 913 817 978 Diodorus
831 915 934 993 aiunt,
956 937 1015 979 nec
1030 916 1071 980 ad
1084 917 1226 981 fabulosi

225 999 313 1066 Jovis
338 1001 483 1066 sufficere
509 999 666 1086 ejusmodi
690 1000 894 1086 opinionem:
918 1023 986 1065 esse
1012 1002 1097 1066 enim
1124 1003 1224 1068 talem

224 1109 351 1152 causam
367 1085 388 1151 J
389 1087 464 1164 ovis,
481 1097 515 1152 et
529 1086 698 1152 convenire
709 1107 819 1150 omnes
830 1087 896 1151 vias
911 1109 949 1152 eo
958 1087 1127 1166 confertas,
1142 1094 1223 1173 quas

224 1183 353 1238 tontum
382 1172 452 1238 loco
477 1173 547 1258 ejus
576 1171 737 1236 describit.
783 1170 929 1237 Dicendo
958 1183 1078 1252 autem,
1110 1174 1223 1242 Etiam

223 1279 336 1342 genua,
367 1258 509 1324 ostendit
533 1258 650 1324 animae
671 1257 956 1324 immortalitatem.
1002 1258 1105 1338 Bene,
1126 1284 1223 1346 prop-

224 1355 312 1409 terea
327 1343 414 1431 quod
427 1345 493 1410 ait:
516 1355 648 1409 noverat
671 1343 758 1408 enim
781 1343 892 1410 virtuti
917 1344 1040 1430 aliquid
1064 1347 1221 1412 aemulum

222 1429 379 1496 futurum.
424 1429 486 1494 Dei
504 1429 604 1515 igitur
623 1429 772 1494 adversus
792 1429 909 1495 delicta
927 1429 1034 1496 lenem
1055 1453 1136 1511 esse,
1157 1444 1218 1511 est,

223 1517 375 1600 quoniam
390 1515 534 1581 omnium
549 1537 664 1602 parens
678 1515 867 1595 affirmatur,
892 1526 927 1582 et
948 1539 1015 1581 non
1036 1518 1139 1582 solum
1159 1518 1219 1583 bo·

222 1601 358 1680 minum,
375 1601 538 1667 sedetiam
552 1601 710 1685 deorum.)

265 1686 412 1755 Vertices
435 1698 608 1766 extremos,
632 1687 715 1752 circa
730 1707 811 1772 quos
836 1687 970 1774 Sphaera
984 1689 1054 1754 cali
1068 1688 1217 1769 volvitur,

222 1771 318 1838 Polos
331 1773 440 1840 Graeci
452 1782 729 1859 nuncupaverunt,
745 1774 890 1858 equibus
901 1797 985 1839 unus
997 1787 1047 1839 est
1057 1776 1217 1854 australis,

222 1859 278 1944 qui
308 1871 402 1925 terrae
431 1860 576 1945 objectus
602 1883 621 1925 a
650 1858 742 1923 nobis
771 1881 939 1944 nunquam
963 1860 1111 1940 videtur3
1135 1861 1218 1927 alter

220 1955 329 2096 ηυῐρᾶη
344 1945 624 2032 septemtrionalis,
640 1945 698 2034 qui
712 1943 828 2010 boreus
843 1958 983 2026 vocatur,
1000 1957 1033 2012 et
1047 1969 1216 2032 nunquam

221 2053 285 2096 ocor
311 2033 347 2096 it.

264 2117 350 2182 Duoe
364 2127 441 2182 sunt
452 2117 556 2195 Arcti,
578 2139 715 2202 quarum
730 2119 882 2204 majorem
896 2128 1020 2195 vocant,
1047 2117 1215 2184 Helioem:

220 2203 388 2281 minorem,
405 2202 504 2269 Canis
518 2203 664 2270 caudam.
708 2203 877 2269 Alterutra
892 2205 1021 2289 quidem
1035 2203 1150 2268 harum
1166 2227 1217 2269 ca·

220 2289 289 2374 pita
302 2290 462 2367 deorsum,
476 2289 631 2354 alterutra
644 2313 770 2355 sursum
785 2290 953 2376 aspiciunt.
999 2289 1112 2355 Altera
1126 2312 1223 2355 nam·.

221 2397 284 2460 que
301 2375 416 2440 Helice
430 2385 489 2453 est,
515 2397 588 2461 quae
604 2387 736 2462 apparet
750 2375 854 2461 prima
868 2376 990 2440 noctis:
1028 2375 1129 2440 altera
1154 2399 1217 2461 pu7

219 2461 290 2526 silla
305 2461 445 2548 quidem,
459 2463 514 2526 sed
525 2485 545 2526 a
555 2462 778 2546 navigantibus
789 2462 994 2540 observatur;
1016 2461 1117 2525 maria
1128 2462 1217 2528 enim

219 2548 400 2613 conturbat.
447 2547 584 2612 Helicen
599 2559 708 2613 autem
723 2549 800 2613 dicit
816 2547 979 2613 Hesiodus
999 2545 1134 2613 Callisto
1149 2547 1216 2633 Ly-

219 2634 326 2698 caonis
352 2634 435 2718 regis
458 2633 556 2698 filiam
580 2634 689 2713 fuisse,
715 2635 805 2699 etin
828 2633 966 2699 Arcadia
988 2633 1113 2698 solitam
1139 2655 1215 2699 cum

220 2719 328 2784 Diana
353 2720 474 2798 venari,
499 2730 533 2785 et
557 2720 591 2784 in
614 2721 779 2786 montibus
803 2720 919 2804 vagari,
944 2731 978 2784 et
992 2743 1011 2784 a
1025 2719 1104 2783 Jove
1129 2742 1215 2796 com-

218 2828 372 2891 pressam,
384 2828 453 2869 rem
463 2806 581 2871 celasse
594 2805 743 2873 Dianam.
788 2804 896 2872 Quam
908 2806 1081 2890 gravidam,
1092 2805 1215 2872 nudam

218 2915 252 2956 se
275 2891 434 2957 lavantem
450 2913 523 2956 cum
538 2893 715 2976 aspexisset
739 2891 846 2958 Diana
868 2892 903 2956 in
927 2891 1061 2969 lavacro,
1082 2901 1214 2975 partum

218 2979 289 3064 ejus
314 2977 502 3055 accelerans,
518 2979 654 3043 bestiam
668 3002 739 3043 eam
754 3001 822 3042 esse
833 2977 950 3064 jussit3
974 2987 1008 3042 et
1031 2977 1108 3041 dum
1129 2987 1214 3042 esset

218 3087 304 3143 ursa,
321 3063 458 3128 Arctum
468 3064 565 3128 enixa
576 3075 635 3143 est,
649 3087 744 3150 quem
756 3064 915 3129 Arcadem
926 3074 1049 3127 vocant.
1075 3062 1214 3147 Amphis

218 3161 326 3216 autem
349 3150 488 3214 comicus
507 3160 604 3235 poeta
627 3149 737 3228 refert,
761 3151 873 3214 Jovem
887 3150 921 3214 in
937 3147 1054 3212 Dianae
1073 3148 1213 3232 effigiem

217 3237 481 3320 transfiguratum
496 3237 531 3301 in
552 3237 719 3301 venatione
737 3235 869 3301 Callisto
893 3235 1107 3321 oppressisse;
1131 3246 1213 3299 tem-

217 3345 295 3407 pore
309 3333 421 3406 partus
435 3323 532 3407 pleno
546 3344 617 3386 cum
633 3333 815 3401 vexaretur,
840 3321 958 3387 Dianae
983 3321 1110 3405 culpam
1129 3320 1213 3384 indi-

217 3408 315 3486 cbsse,
329 3420 362 3472 et
376 3409 489 3474 iratam
506 3408 644 3474 Dianam
654 3409 688 3472 in
700 3430 808 3472 ursam
828 3407 1079 3492 transfigurasse.
1125 3405 1211 3472 Quae

217 3494 340 3559 durnin
355 3494 518 3559 montibus
532 3507 712 3578 vagaretur,
729 3517 748 3558 a
763 3495 954 3578 quibusdam
965 3493 1148 3578 pastoribus
1156 3515 1213 3577 ap·

216 3580 384 3666 prehensa,
410 3602 483 3643 eum
506 3603 606 3664 puero
626 3581 780 3666 perducta
796 3590 845 3645 est
860 3581 900 3645 ad
915 3579 1115 3664 Lycaonem3
1138 3590 1213 3663 post

217 3678 344 3751 tempus
358 3666 394 3730 in
409 3665 519 3751 Lycaei
534 3666 555 3729 J
556 3667 621 3731 ovis
630 3666 787 3751 templum
796 3666 1049 3750 confugientem,
1055 3687 1129 3729 cum
1139 3687 1211 3728 eam

218 3752 319 3817 Arcas
334 3753 419 3817 filius
434 3763 635 3836 sequeretur,
665 3776 728 3836 quo
743 3775 814 3816 eam
828 3753 919 3817 nefas
934 3762 1003 3816 erat
1016 3751 1148 3828 intrare,
1169 3751 1210 3815 ab

217 3839 397 3903 Arcadibus
407 3839 539 3923 utrique
550 3839 712 3902 interfecti
723 3848 809 3904 sunt.
853 3838 981 3923 Jupiter
991 3847 1099 3902 autem
1110 3845 1212 3900 utros-

217 3947 280 4011 que
297 3926 366 3990 caeli
380 3925 472 3990 astris
488 3924 610 4002 intulit,
625 3923 806 4010 Ursamque
819 3947 889 3989 eam
903 3923 1087 3988 nominavit.
1135 3921 1211 3986 Ovi·
1245 3923 1248 3928 ’

216 4012 288 4094 dius
312 4034 331 4075 a
357 4011 486 4076 Junone
509 4011 543 4075 in
566 4011 702 4078 bestiam
725 4033 909 4076 conversam
931 4009 1051 4075 scribit.
1097 4007 1210 4074 Habet
