2902 4838
518 540 553 574 nn
567 539 752 576 rnoonosrrcn
764 541 881 578 unsrun.
1127 531 1211 580 lxxxix

218 677 305 714 occasu
316 656 428 714 Phoebw
444 665 474 714 de
485 679 510 728 g.
520 665 581 728 conj.
595 667 619 714 b.
632 666 691 714 Jam
706 667 764 728 quid
774 667 806 714 ad
815 681 909 716 oceasns
922 674 1014 717 moneat
1024 682 1114 734 quoque
1125 652 1209 718 ducito

219 729 304 780 Pltoebt
315 747 333 779 s.
346 731 407 792 conj.
440 730 520 778 Aliter
535 746 618 778 rursus
636 731 662 779 iu
679 731 752 789 Add.,
768 738 793 778 et
811 732 893 780 minus
909 740 987 780 recte:
1004 737 1111 782 exoritur
1121 735 1208 783 mundo

222 795 347 858 Cyllenius.
358 799 426 858 tynis.
461 795 526 853 Quid
534 797 625 856 feeerit
639 799 744 858 primum
761 797 829 844 modo
845 798 865 859 (l
876 796 1015 846 volebstne:
1032 799 1100 848 moui
1111 798 1138 858 l)
1155 815 1208 849 cnm

219 862 308 908 lumine
319 863 396 910 Solis:
414 860 517 924 Tempus
528 866 550 908 et
562 877 655 909 occasus
665 866 758 909 monent
768 876 857 924 quoque
869 862 956 910 discere
967 861 1149 914 Piedi—ort.

253 927 306 974 139.
322 925 426 990 Venerit
436 925 540 974 hibernis
550 929 580 974 A.
596 926 642 974 Vn·
651 929 697 974 erit
707 925 732 975 lt.
745 927 772 975 F.
791 925 877 989 (Ibid)
888 927 1040 991 exsecrabile]
1050 928 1098 992 Ag.
1114 945 1208 978 execro-

219 988 265 1039 be'le
277 991 332 1040 Psb.
349 988 474 1040 eretrabile
485 991 602 1039 lt-on.

253 1055 307 1104 140.
325 1055 359 1104 Et
370 1056 449 1105 crebro
460 1059 550 1105 tonitru
553 1057 647 1119 jnnpet,
658 1053 839 1118 dc.]4ConJicio,
849 1059 1069 1121 ninqetrflorentio,
1080 1061 1119 1118 250.
1152 1059 1208 1108 tria

218 1122 328 1184 praedicit
345 1122 430 1179 mixta,
449 1126 561 1180 tonitrua,
577 1120 725 1184 prondinem,
744 1124 816 1169 nives.
850 1122 936 1170 Gnor.
970 1123 1040 1171 Nihil
1051 1130 1133 1173 muto:
1150 1124 1208 1187 quie

218 1186 270 1233 hnc
281 1189 355 1234 etism
371 1188 444 1235 verbe
461 1185 613 1234 commodam
630 1185 775 1233 sententium
785 1186 1167 1238 fundunt.-SCH.--tenetm
1177 1192 1207 1238 A.

217 1251 303 1312 (ibid.)
312 1250 404 1314 ninqet]
417 1252 446 1301 de
457 1267 482 1313 g.
493 1251 555 1313 conj.
568 1252 591 1299 b.
602 1250 687 1312 jnnpet
697 1250 891 1312 druge-on.

254 1316 307 1364 141.
326 1316 384 1378 Spes
394 1332 445 1380 qne
457 1350 479 1365 ..
490 1317 641 1378 quontientnr
650 1315 771 1364 A.-on.

253 1381 307 1429 142.
327 1381 476 1444 Urentnrqne
485 1381 622 1443 eoelnmupni
634 1378 691 1442 (sic)
703 1381 827 1429 A.-0n.

254 1446 308 1494 143.
325 1446 462 1510 Inprediens
477 1447 573 1508 pecudis
582 1445 725 1508 inpreditur]
750 1446 785 1494 Et
795 1460 878 1493 versus
889 1461 973 1495 vocem
989 1447 1052 1495 lianc
1062 1446 1172 1510 repudiat
1183 1456 1208 1497 et

218 1525 327 1622 sqe'nsus..
344 1511 488 1589 Legendurn
500 1511 568 1568 sorte,
580 1511 729 1590 transpositis
740 1519 763 1560 et
774 1511 873 1559 mutatis
883 1510 969 1572 limfis,
985 1515 1065 1575 moqni
1073 1528 1126 1560 eum
1136 1528 1208 1591 reynp

217 1576 958 1706 ..Attttttttdtt'tttgtlttnttltttt
986 1576 1208 1691 iiim}

217 1707 456 1783 ¹⁹Pi⁸¹35¹¹3¹¹itd¹¹i¹¹
477 1705 568 1782 melius
585 1708 688 1782 verbum¹
702 1707 844 1782 reperietur.
883 1705 980 1782 Alludit
997 1700 1063 1783 lueud
1081 1707 1153 1782 dubie
1175 1708 1207 1756 ed

218 1771 1207 1900 ilutttillitttttitttlntttttgilliniitttttlli

218 1916 279 2014 quiet
292 1901 451 2014 putdmissime
468 1901 543 2014 vpderi
559 1909 659 2014 poterpt.
674 1903 770 2015 ¹²53&ss
785 1905 917 1966 impeeditnr
933 1917 1006 1951 nureo
1024 1903 1090 1965 FPg.
1110 1903 1208 1966 pecudis

217 1981 268 2014 ree
289 1980 464 2015 enrnnsanreo
493 1983 506 2014 e
533 1981 615 2014 .con.
644 1993 684 2015 .-

253 2033 306 2080 144.
323 2033 438 2094 Aperenrei
449 2032 477 2081 P.
494 1981 612 2080 arietinis·
622 2032 662 2093 A„
680 2033 721 2080 sed
733 2040 867 2081 correctum
878 2048 949 2081 esec.
961 2032 1136 2082 manu-Oli.

252 2099 307 2146 145.
325 2097 449 2144 Fortasse:
466 2096 557 2146 rabido.
572 2097 653 2159 sydere
665 2098 783 2146 P.-OR.

253 2163 307 2210 146.
328 2160 438 2209 Taurum
454 2165 534 2210 sevire
553 2159 690 2210 videtu...
702 2163 793 2211 Cancro
809 2170 852 2212 ent
870 2163 991 2210 Geminis:
1016 2161 1065 2210 Hie
1081 2177 1127 2225 qno
1143 2161 1208 2211 dieta

218 2225 276 2287 leo,
294 2225 347 2288 dc]
372 2227 580 2288 Distinguendum
591 2226 685 2275 videtur
695 2234 720 2274 et
730 2228 869 2290 legendum,
880 2228 917 2275 uti
935 2241 1001 2274 nuno
1011 2241 1152 2290 expressum
1162 2235 1207 2276 est.
1286 2238 1289 2244 '

218 2290 271 2351 Ait,
291 2299 320 2339 ut
337 2291 423 2354 liquet,
440 2291 548 2340 Taurum
558 2292 675 2353 grandine
686 2293 784 2341 saevire:
804 2293 926 2340 Cancrum
941 2306 1036 2354 quoque
1051 2299 1076 2339 et
1088 2292 1206 2340 Geminos

218 2371 268 2403 non
279 2357 335 2404 ferri
345 2357 372 2404 in
389 2357 544 2414 contrarium,
563 2357 628 2418 quod
638 2357 699 2405 foret
711 2358 856 2420 optandum:
881 2357 930 2404 imo
942 2364 967 2404 et
983 2357 1091 2404 Leonem
1108 2357 1209 2419 praefste

219 2436 314 2470 servare
330 2422 519 2484 praecedentium
538 2421 645 2469 siderum
664 2423 772 2484 vestigio.
804 2421 896 2470 Versus
913 2420 1055 2478 antemius,
1072 2420 1211 2469 Fletusont

216 2490 316 2548 qeminie
327 2489 407 2535 venees
417 2487 548 2550 tranquilla
558 2487 685 2537 serenisits
695 2488 771 2550 possit
779 2487 842 2549 legi:
854 2485 996 2538 Flatidnset
1009 2488 1102 2534 Gemini
1111 2490 1209 2535 miscent

218 2553 349 2614 tranquille
360 2554 442 2600 sereni.
475 2553 522 2600 Sed
532 2552 589 2614 quia
601 2552 652 2600 Leo
665 2553 782 2600 Geminos
793 2553 864 2600 debet
874 2552 1016 2614 praeoedere‚
1036 2551 1099 2599 etde
1110 2551 1141 2599 iis
1155 2551 1209 2613 jam

218 2618 309 2664 mentio
320 2617 390 2676 facts,
412 2625 436 2664 et
447 2617 503 2678 quie
514 2633 586 2680 supra
597 2617 726 2666 habuimus
740 2619 832 2665 Gemini
844 2617 974 2679 tranquille
984 2619 1067 2673 sereni,
1084 2617 1149 2664 unde
1159 2617 1208 2664 hoc

218 2682 349 2744 repetitum
361 2681 462 2736 videtur,
474 2697 571 2730 versum
581 2682 647 2730 hune
658 2683 768 2746 spurium
775 2682 866 2745 judico.
884 2679 1208 2744 Gn.—SCH.-—qneres]

219 2747 259 2794 Sic
276 2747 361 2810 scripsi
380 2763 409 2794 er
426 2746 470 2794 Cd.
488 2746 519 2794 A.
537 2747 679 2809 corruptela.
703 2763 794 2811 queres
809 2747 902 2810 FPgsb.
923 2749 1042 2808 penitusq.
1059 2746 1210 2810 res(sio)A.

253 2878 308 2924 147.
328 2876 456 2936 Grandine,
465 2891 508 2924 nee
518 2874 611 2940 eontra]
624 2877 718 2940 FPgsb.
752 2877 874 2926 Grandine
884 2876 1011 2924 ntiteontre
1022 2891 1140 2940 superior.
1152 2878 1170 2935 i,
1182 2881 1212 2927 ut

218 2940 266 2989 sit:
283 2945 422 2990 nititeontm
433 2942 555 2989 A.-0R.

253 3009 310 3056 148.
328 3006 446 3056 Generum
456 3012 501 3054 out
513 3006 634 3070 Geminos]
660 3007 689 3055 de
700 3023 725 3070 g.
736 3009 798 3071 conj.
810 3008 847 3058 sb.
863 3021 946 3055 enidro
957 3011 999 3053 ent
1007 3006 1108 3068 punieris
1116 3003 1211 3068 AFPg.

254 3138 309 3184 149.
327 3134 543 3199 Hincquodnctu]
570 3136 610 3185 Sic
626 3137 720 3200 scripsi.
756 3137 821 3184 Hine
832 3151 878 3201 qno
894 3135 958 3184 dicta
971 3137 997 3183 A.
1029 3133 1211 3199 Hirquodicto

220 3200 265 3264 Pg.
298 3201 349 3250 llic
361 3217 451 3264 quoque
461 3201 523 3249 dieto
535 3202 563 3249 1⁴¹.
598 3202 657 3251 Her
668 3218 717 3266 que
728 3202 792 3249 dicte
803 3201 832 3250 de
842 3217 867 3264 g.
878 3201 940 3263 conj.
953 3201 1079 3248 σὴψ-011.

256 3267 309 3316 150.
328 3267 368 3314 Sic
379 3267 472 3329 cripsi.
507 3267 593 3315 Fletus
610 3267 664 3329 (sic)
681 3267 795 3330 adpelidis
814 3271 895 3315 miscet
910 3267 1040 3329 tranquillo
1058 3268 1153 3314 onmis.
1177 3265 1210 3314 A.

219 3331 267 3378 Sed
276 3331 406 3395 requiritur
417 3330 570 3391 vocobulum,
581 3333 645 3395 quod
656 3339 790 3396 opponatur
798 3347 822 3380 v.
833 3333 971 3393 tranquillo.
998 3330 1053 3378 Hoc
1063 3337 1122 3392 puto
1134 3331 1209 3379 fuisse

219 3399 319 3456 seems,-
338 3396 476 3444 Lucreticni
494 3396 560 3444 illius
578 3412 685 3445 memor:
699 3397 826 3460 pelnqeqne
841 3412 929 3444 severo.
961 3395 1047 3444 Fuere
1066 3401 1092 3442 at
1107 3399 1210 3458 penninis

219 3465 300 3510 miscet
311 3462 441 3524 tranquilla
449 3465 535 3510 serenis
547 3463 612 3524 FPg.
629 3459 739 3510 Fletibus
749 3468 775 3510 nt
785 3461 880 3509 Gemini
888 3465 984 3509 miscent
992 3460 1124 3524 tranquilla
1132 3463 1210 3509 sereni

221 3526 250 3573 de
259 3542 282 3588 g.
295 3527 357 3589 conj.
369 3528 391 3575 b.
426 3526 538 3588 Itemque
549 3542 576 3584 s.,
596 3527 652 3575 sed:
678 3530 771 3574 serenis.
783 3542 807 3588 g.
823 3534 905 3574 autern
916 3533 994 3574 totum
1003 3541 1063 3572 vers.
1075 3540 1118 3586 pro
1129 3525 1211 3573 subdi-

220 3591 277 3639 ticio
293 3592 386 3649 habuit,
406 3591 463 3653 quie
474 3591 503 3638 de
520 3592 631 3640 Geminis
648 3593 729 3655 inepte
741 3592 818 3639 denuo
829 3592 901 3638 verbe
916 3591 1001 3638 iecisse
1012 3590 1209 3652 interpolatorem

219 3657 326 3768 gumesi
361 3657 435 3704 Nunc
446 3663 545 3719 apparet
558 3672 587 3704 ex
599 3656 632 3704 A.
648 3672 691 3721 per
701 3657 794 3705 loedum
810 3671 915 3705 errorem
933 3655 973 3703 hic
992 3654 1141 3703 introductos
1158 3669 1211 3702 esse

246 3722 437 3770 eminus-GR.

255 3788 308 3835 151.
327 3786 492 3850 Spiceferoeque
510 3801 582 3835 manu
597 3787 703 3835 tendenti
722 3786 796 3835 tibere
813 3791 874 3834 nutu
894 3785 1012 3834 Dissentit
1031 3783 1107 3832 dive:
1123 3783 1166 3831 sed
1181 3789 1209 3831 nt

220 3851 277 3910 lter,
293 3851 344 3916 dfe]
363 3852 454 3901 Nullus
465 3868 559 3912 sensus,
575 3858 599 3900 et
618 3853 715 3915 signum
733 3853 811 3900 Librae
827 3851 953 3910 omissum,
971 3849 998 3896 ni
1018 3848 1212 3910 transpositioni

219 3918 320 3966 mutetis
339 3916 439 3979 paulum
457 3918 533 3965 literis
551 3917 626 3980 legas,
644 3917 810 3981 Spieifereque
830 3930 904 3963 menn
922 3913 1027 3964 tendenti
1044 3913 1128 3961 nubila
1145 3911 1210 3961 libre

221 3983 340 4031 Dissentit
352 3981 430 4030 Dive.
463 3983 579 4046 Spicilera
589 3982 643 4031 Dee
655 3989 692 4030 est
702 3983 785 4044 Virgo,
797 3996 870 4044 quom
883 3980 996 4037 Cererem
1005 3978 1117 4026 nonnulli
1126 3978 1210 4027 volue-

220 4055 285 4106 runt,
302 4054 330 4096 ut
352 4047 467 4111 Hyginus
485 4054 592 4107 annotet,
614 4049 644 4098 sb
665 4047 711 4098 hae
733 4047 844 4096 dissentit
863 4045 944 4096 Libro.
977 4043 1026 4091 Illa
1042 4059 1117 4092 manu
1133 4043 1211 4092 tendit
