2868 4848
660 565 816 612 scnonm.
1195 549 1236 612 57

237 717 354 792 quarto
369 729 454 772 anno
470 729 571 772 unum
586 707 670 772 diem
687 707 837 792 complet,
854 729 951 792 quem
961 707 1141 772 bissextum
1152 729 1236 772 nun-

236 805 369 878 cupant,
387 795 444 880 qui
458 795 526 858 dies
541 794 707 858 conficitur
722 816 765 858 ex
777 793 1021 878 quadrantibus.
1067 794 1151 858 Nam
1161 817 1234 860 cum

235 879 404 945 duodecies
419 881 513 944 semis
529 903 589 944 sex
603 880 696 944 boras
716 880 858 964 integras
880 881 1008 958 faciant,
1029 879 1062 944 id
1085 892 1135 944 est
1156 903 1234 964 qua-

235 966 392 1044 drantem,
408 967 459 1031 hic
474 965 633 1051 quadrans
649 977 763 1050 quater
779 966 895 1030 ductus
909 966 1162 1051 vigintiquatuor
1176 966 1233 1030 ho-

234 1073 285 1116 ras
300 1053 436 1137 perficit,
452 1053 537 1117 idem
559 1074 661 1116 unum
685 1052 769 1116 diem
790 1075 863 1116 cum
884 1075 942 1116 sua
965 1065 1058 1117 nocte
1081 1051 1231 1137 complet,

234 1149 268 1201 et
282 1138 317 1201 in
333 1149 447 1222 quarto
460 1138 653 1214 bissextum,
675 1148 713 1202 ut
727 1137 853 1223 praefati
874 1159 995 1216 sumus,
1020 1139 1127 1203 efficit.
1175 1138 1230 1203 Sol

237 1224 363 1288 interea
378 1225 453 1289 dum
479 1226 593 1309 igneus
618 1224 670 1302 sit,
717 1247 762 1288 rae
783 1224 883 1288 nimio
905 1235 996 1288 motu
1020 1224 1231 1289 conversionis

233 1331 301 1372 suae
317 1311 453 1394 amplius
464 1311 635 1376 incalescit.
712 1312 785 1396 ujus
800 1311 908 1394 iguem
920 1310 1031 1374 dicunt
1046 1310 1227 1395 philosophi

232 1418 316 1481 aqua
331 1397 458 1476 nutriri,
483 1409 516 1461 et
531 1420 548 1461 e
563 1397 722 1461 contrario
742 1397 900 1460 elemento
923 1397 1075 1461 virtutem
1098 1397 1228 1461 luminis

233 1493 266 1545 et
281 1482 393 1546 caloris
407 1484 558 1567 accipere,
574 1484 659 1547 unde
674 1483 816 1547 videmus
832 1505 906 1546 cum
927 1483 1044 1567 saepius
1064 1483 1229 1548 madidum

232 1579 331 1652 atque
361 1581 532 1634 rorantem.
578 1568 670 1633 Tunc
696 1580 805 1633 autem
829 1568 961 1653 eclipsin
1007 1569 1117 1646 atitur,
1141 1571 1228 1652 quod

232 1650 352 1718 Latine
367 1653 503 1719 defectio
518 1654 645 1732 dicitur,
662 1655 789 1740 quoties
805 1653 900 1719 Luna
909 1653 983 1720 XX
1006 1653 1033 1720 '.
1046 1655 1086 1718 ad
1094 1655 1227 1719 eandem

230 1738 359 1817 lineam,
382 1762 446 1824 qua
467 1740 522 1805 Sol
545 1739 682 1819 vehitur,
707 1741 864 1825 pervenit,
889 1741 983 1826 eique
1011 1764 1044 1805 se
1074 1741 1227 1826 objiciens

233 1847 308 1888 curn
324 1827 484 1904 obscurat,
502 1826 585 1890 unde
600 1827 734 1891 deficere
750 1827 842 1890 nobis
858 1827 992 1904 videtur,
1007 1849 1081 1891 cum
1096 1829 1125 1891 ei
1140 1828 1227 1892 orbis

231 1909 336 1976 Luna
366 1912 550 1997 opponitur.
602 1913 702 1996 Signa
731 1914 815 1976 euim
843 1914 1042 1998 tempestatis
1069 1913 1120 1978 vel
1143 1937 1228 1978 serc-

229 1997 341 2062 nitatis
356 1997 415 2062 hoc
429 1999 525 2063 modo
539 1999 690 2083 astrologi
704 1999 816 2064 mundi
831 1999 1048 2084 cognoscenda
1057 2022 1124 2063 esse
1134 1999 1226 2063 dixe-

229 2095 318 2148 runt.
352 2082 509 2168 Virgilius
526 2106 664 2169 namque
679 2085 735 2162 ait,
746 2085 772 2149 si
784 2085 839 2149 Sol
850 2085 886 2148 in
895 2096 969 2149 ortu
978 2108 1036 2150 suo
1047 2086 1225 2151 maculosus

230 2169 282 2247 sit,
307 2181 405 2254 atque
431 2170 491 2235 sub
516 2171 603 2234 nube
622 2172 743 2249 latens;
767 2187 824 2235 aut
849 2172 875 2235 si
901 2171 1032 2236 dimidia
1060 2194 1132 2255 pars
1155 2173 1224 2257 ejus

229 2257 428 2340 apparuerit,
442 2257 560 2320 imbres
571 2256 708 2322 futuros.
755 2257 838 2321 Item
850 2256 954 2322 Varro
963 2258 1018 2334 ait,
1030 2254 1066 2322 Si
1078 2259 1225 2322 exoriens

229 2363 385 2406 concavus
398 2343 535 2420 videtur,
551 2343 598 2406 ita
613 2361 651 2407 ut
666 2366 683 2406 e
698 2343 802 2407 medio
817 2343 949 2429 fulgeat,
960 2356 994 2408 et
1002 2344 1106 2408 radios
1117 2343 1223 2422 faciat,
1284 2348 1290 2360 '

228 2428 347 2510 partim
362 2429 402 2492 ad
417 2428 610 2514 aquilonem,
625 2429 741 2513 partim
758 2429 799 2492 ad
821 2441 975 2507 austrum,
1001 2441 1225 2514 tempestatem
1327 2460 1330 2465 ·

229 2512 394 2578 humidam
410 2525 444 2579 et
457 2526 621 2588 ventosam
635 2514 778 2578 futuram
792 2515 900 2580 innuit
913 2541 920 2594 3
943 2516 1033 2592 item,
1050 2517 1076 2578 si
1093 2515 1159 2595 Sol,
1176 2517 1225 2579 in-

230 2600 312 2683 quit,
339 2601 462 2665 rubeat
477 2601 512 2664 in
536 2619 659 2678 occasu,
684 2602 825 2665 sincerus
849 2599 1017 2679 dies'erit3
1042 2602 1069 2666 si
1092 2602 1222 2687 palleat,

230 2696 454 2771 tempestatem
478 2687 645 2770 significat.
713 2685 864 2770 Nigidius
889 2710 1017 2772 quoque
1034 2688 1088 2764 ait,
1108 2688 1142 2752 Si
1157 2689 1224 2772 pal-

229 2769 313 2836 lidus
337 2771 393 2836 Sol
415 2773 448 2835 in
473 2773 579 2856 nigras
603 2774 707 2837 nubes
731 2773 863 2850 occidat,
888 2775 1071 2859 aquilonem
1091 2788 1224 2838 ventum

229 2857 397 2940 significat.
444 2858 543 2923 Hunc
573 2859 670 2924 etiam
701 2859 809 2922 Graeci
839 2859 1024 2943 Apollinem
1047 2861 1225 2945 appellave-

228 2953 353 3021 runt,a
376 2967 495 3030 quoae
519 2945 666 3029 spiritum
690 2945 831 3029 accipere
855 2945 1064 3022 arbitrantur,
1089 2951 1224 3008 ἀπόλλων

229 3030 316 3093 euim
332 3029 459 3112 Graece,
473 3031 590 3096 Latine
601 3033 744 3115 perdens
758 3031 885 3108 dicitur,
910 3031 997 3116 quod
1018 3031 1140 3095 fervore
1164 3053 1223 3094 suo

229 3137 358 3180 omnem
372 3139 501 3182 succum
515 3116 688 3185 virentium
703 3119 910 3202 decoquendo
921 3117 1033 3202 perdat
1042 3117 1222 3181 herbarum.

229 3201 330 3266 Hunc
344 3203 441 3268 etiam
455 3203 658 3268 divinationis
674 3204 768 3268 deum
779 3227 847 3268 esse
861 3203 1040 3282 voluerunt,
1057 3204 1121 3267 sive
1138 3204 1224 3286 quod

229 3286 286 3353 Sol
300 3289 407 3353 omnia
421 3290 555 3354 obscura
567 3289 751 3354 manifestat
764 3291 799 3354 in
814 3291 896 3367 luce,
916 3291 980 3353 aive
1005 3289 1091 3374 quod
1106 3290 1142 3353 iu
1164 3312 1222 3352 suo

229 3396 389 3459 processu,
413 3385 447 3439 ct
470 3398 582 3440 occasu
606 3377 676 3462 ejus
699 3377 804 3440 orbita
832 3376 1036 3440 multimodos
1066 3375 1223 3458 significa·

228 3460 354 3524 tionum
369 3472 524 3527 monstret
540 3461 682 3527 effectus,
729 3462 784 3527 Sol
804 3463 931 3539 dicitur,
953 3473 1011 3526 aut
1025 3485 1068 3526 ex
1084 3485 1121 3525 eo
1138 3461 1224 3545 quod

229 3546 315 3611 solus
337 3547 389 3625 sit,
411 3559 468 3615 aut
486 3549 574 3633 quod
597 3548 690 3612 solito
713 3572 772 3633 per
795 3549 862 3613 dies
886 3559 997 3631 surgat
1027 3558 1061 3612 et
1090 3547 1221 3612 occidat.

230 3632 329 3697 Hunc
342 3634 440 3698 etiam
454 3635 523 3700 sine
538 3634 639 3699 barba
653 3634 805 3719 pingunt,
828 3634 904 3718 quia
918 3634 1089 3698 occidendo
1105 3645 1138 3697 et
1153 3655 1225 3696 nas-

228 3719 329 3784 cendo
344 3741 470 3805 semper
481 3732 529 3786 est
540 3721 662 3805 junior,
678 3721 742 3784 sive
758 3721 841 3806 quod
859 3743 1025 3805 nunquam
1039 3721 1074 3784 in
1089 3743 1147 3784 sua
1161 3718 1223 3782 vir-

228 3815 300 3869 tute
315 3805 452 3884 deficiat,
469 3818 507 3871 ut
524 3806 628 3884 Luna,
645 3830 718 3893 quae
731 3808 844 3872 crescit
858 3817 915 3871 aut
924 3807 1090 3872 minuitur.
1136 3804 1224 3868 Huic

229 3913 359 3976 quoque
374 3892 461 3957 illam
475 3895 516 3957 ob
529 3916 667 3970 causam,
692 3894 779 3978 quod
802 3905 859 3958 aut
882 3891 1122 3978 quadripartitis
1144 3902 1225 3954 tern-

228 4000 344 4062 porum
358 3979 566 4044 varietatibus
580 3980 656 4043 anni
672 3980 825 4044 circulum
839 3991 981 4065 peragat,
1002 3979 1035 4042 id
1056 3987 1105 4041 est
1124 3976 1223 4053 verni,

230 4065 362 4143 aestatis,
391 4067 550 4143 autumni,
582 4076 615 4130 et
640 4066 770 4131 hiemis:
795 4078 851 4132 aut
882 4067 969 4152 quod
993 4062 1227 4186 quadrlipartito
