2868 4848
628 587 782 633 sononia,
1162 567 1204 632 59

118 761 120 768 ·
205 749 261 792 sus
276 726 377 792 altero
391 726 502 804 latere,
516 749 535 791 a
549 726 662 812 quinto
673 728 764 812 siguo
775 725 973 812 deprehensa
985 725 1203 812 postmeridia-

206 835 261 890 na,
286 813 455 878 stationem
471 813 558 890 facit,
583 813 683 878 donec
706 814 848 898 ingresso
870 812 943 877 Sole
966 813 1051 877 idem
1075 813 1203 897 signum

205 900 266 963 sub
281 899 376 964 radiis
389 901 458 964 e'us
473 899 661 963 delitescens
675 900 710 962 in
724 911 830 964 totum
849 899 982 964 occidat.
1028 900 1203 984 Aspiciunt

206 985 292 1049 inter
307 1009 340 1049 se
355 923 456 1049 steliae
472 1007 515 1049 ex
533 985 628 1049 tertio
647 986 749 1069 signo,
769 986 856 1070 quod
879 985 995 1050 dicitur
1013 983 1200 1070 Trigonum,

207 1081 241 1134 et
255 1071 375 1136 habent
389 1072 530 1136 maxime
553 1070 790 1150 confusionem
814 1072 892 1134 item
917 1095 937 1136 a
960 1083 1075 1156 quarto
1098 1072 1200 1156 signo,

206 1154 510 1241 quodTetragonon
525 1167 559 1220 et
580 1156 736 1222 Centrum
756 1167 895 1235 vocatur,
913 1170 946 1221 et
960 1158 994 1221 in
1009 1157 1201 1222 alterutrum

204 1243 346 1308 maxime
360 1254 515 1328 praestant
539 1243 698 1307 effectum.
745 1243 830 1307 Item
854 1266 898 1307 ex
921 1244 1089 1322 contrario,
1114 1245 1202 1330 quod

205 1341 255 1392 est
270 1330 442 1414 septimum
456 1330 583 1414 signum
595 1339 629 1392 et
644 1329 834 1393 Diametron
849 1340 990 1410 vocatur,
1005 1351 1080 1415 quae
1096 1330 1198 1394 maxi·

204 1437 256 1478 me
272 1416 437 1480 adversum
452 1427 569 1479 caetera
583 1415 747 1480 dissident.
791 1413 856 1481 Vel
864 1415 976 1480 leviter
984 1415 1153 1500 aspiciunt,
1164 1426 1202 1480 ut

203 1512 345 1579 sextum,
361 1501 448 1588 quod
462 1501 579 1566 dicitur
595 1500 811 1586 Hexagouon.
858 1501 957 1586 Signa
973 1501 1095 1585 tropica
1108 1523 1201 1586 pere·

204 1587 305 1669 grinis
328 1587 513 1651 nationibus
536 1598 692 1672 praesunt,
713 1598 747 1651 et
767 1587 897 1652 omnino
920 1588 1063 1652 motibus
1078 1599 1114 1651 et
1126 1609 1201 1652 con·

205 1672 282 1738 siliis
297 1673 433 1738 subinde
451 1673 627 1752 variantur,
649 1685 747 1759 atque
767 1684 1000 1758 permutantur.
1032 1671 1201 1738 ‘Biformia

203 1760 410 1842 generatione
425 1782 532 1824 rerum
548 1760 691 1824 omnium
706 1759 932 1844 repetitionem
953 1759 1144 1843 significant,
1166 1771 1201 1825 et

202 1845 332 1910 interim
345 1846 541 1910 dilationem.
587 1844 696 1911 Solida
708 1847 911 1910 vehementer
921 1857 953 1909 et
965 1847 1123 1909 instanter
1132 1845 1201 1910 effi·

203 1931 306 2010 ciunt,
322 1943 355 1996 et
370 1931 409 1996 ad
424 1933 550 1996 exitum
564 1932 614 1996 vel
628 1954 780 2017 prospera
794 1932 844 1995 vel
859 1932 988 1995 adversa
1006 1932 1199 2017 perducunt,

203 2017 287 2081 sicut
301 2018 500 2102 aspiciuntur
514 2041 534 2082 a
548 2019 658 2095 stellis,
674 2018 724 2081 vel
738 2018 930 2098 faventibus,
953 2017 1003 2081 vel
1018 2039 1199 2102 repugnan-

203 2103 301 2170 tibus.
345 2103 365 2167 J
366 2127 418 2168 am
432 2126 506 2168 vero
520 2104 644 2190 quiade
654 2105 722 2189 ejus
734 2125 830 2168 cursu
841 2103 890 2167 vel
902 2103 1012 2167 ordine
1024 2105 1084 2167 sub
1097 2104 1201 2168 brevi·

204 2199 272 2253 tate
292 2189 444 2267 diximus,
467 2198 578 2268 restat,
603 2201 641 2254 ut
656 2190 735 2274 quid
750 2189 789 2253 de
805 2213 843 2254 ea
859 2190 1007 2254 Gentiles
1031 2190 1199 2268 senserint,

204 2275 377 2340 edicamus.
422 2275 550 2340 Lunam
570 2277 708 2360 gentiles
723 2275 874 2354 Dianam,
895 2297 1079 2360 germanam
1104 2276 1198 2353 Solia,

204 2383 300 2447 quem
315 2361 498 2446 Apollinem
513 2363 754 2447 nuncupabant,
775 2361 871 2426 fuisse
886 2362 1050 2440 dixerunt,
1068 2373 1102 2426 et
1117 2363 1200 2426 siout

203 2471 223 2512 a
239 2447 314 2511 Sole
328 2448 489 2534 spiritum,
510 2448 557 2512 ita
571 2471 604 2512 se
619 2471 638 2513 a
653 2448 749 2512 Luna
768 2469 882 2533 corpus
902 2448 1044 2532 accipere
1065 2448 1200 2512 arbitra-

202 2534 333 2600 bantur.
377 2533 538 2598 Dicebant
558 2535 647 2601 euim
671 2556 741 2598 eam
755 2534 877 2598 viarum
894 2534 1074 2618 praesidem,
1091 2546 1124 2599 et
1138 2534 1200 2597 vir-

202 2620 322 2704 ginem,
339 2643 377 2683 eo
392 2620 479 2706 quod
493 2620 527 2683 in
542 2621 592 2684 via
607 2620 686 2683 nihil
701 2620 815 2704 pariat.
862 2619 984 2684 Idcirco
995 2621 1094 2704 igitur
1106 2620 1200 2684 ambo

203 2706 337 2789 sagittas
352 2706 470 2770 habere
486 2706 648 2783 dicuntur,
663 2706 749 2791 quod
763 2706 832 2790 ipsa
853 2707 917 2770 duo
937 2706 1040 2770 sidera
1061 2705 1100 2769 de
1120 2705 1199 2770 caelo

202 2793 307 2856 radios
322 2813 425 2877 usque
441 2793 481 2856 ad
496 2804 612 2856 terram
625 2793 788 2870 emittaut;
812 2791 885 2855 ideo
899 2792 994 2870 faces,
1010 2792 1087 2878 quia
1102 2788 1201 2856 Luna

201 2877 372 2955 illuminat,
390 2879 446 2942 Sol
461 2890 494 2943 et
507 2878 670 2942 illuminat
683 2888 717 2941 et
732 2877 840 2942 exurit
853 2903 860 2955 ;
884 2878 956 2941 ideo
976 2878 1084 2961 bigam
1104 2877 1201 2941 Luna

202 2964 329 3029 dicitur,
348 2963 477 3041 habere,
505 2964 569 3028 sive
593 2975 726 3049 propter
754 2962 966 3041 velocitatem,
995 2965 1060 3028 sive
1080 2986 1139 3048 pro
1160 2986 1199 3028 eo

202 3051 289 3136 quod
304 3060 397 3114 nocte
413 3061 446 3114 et
461 3050 512 3114 die
527 3061 680 3135 apparet3
703 3050 776 3113 ideo
787 3072 889 3114 unum
901 3049 1033 3135 Equum
1046 3049 1154 3113 album
1166 3060 1200 3114 et

202 3137 302 3201 alium
322 3137 449 3220 nigrum
468 3135 584 3200 dicitur
600 3136 729 3213 habere,
751 3159 789 3199 eo
807 3136 893 3222 quod
912 3136 1017 3200 hieme
1039 3146 1073 3199 et
1086 3144 1198 3200 aestate

201 3222 274 3306 plus
288 3223 406 3299 luceat,
422 3244 600 3309 quamrere
613 3232 821 3306 etautumno.
868 3222 974 3286 Diana
983 3232 1090 3286 autem
1103 3220 1200 3286 Luna

203 3308 289 3372 dicta
304 3318 362 3385 est,
378 3309 470 3393 quasi
486 3308 590 3389 diana,
600 3331 638 3371 eo
653 3308 740 3393 quod
756 3308 806 3372 die
822 3330 858 3372 ac
872 3319 966 3373 nocte
979 3318 1111 3393 apparet
1119 3308 1200 3392 ipsa,

203 3404 237 3458 et
251 3393 347 3458 Luna
363 3417 400 3457 eo
414 3394 501 3479 quod
514 3394 631 3471 luceat,
648 3407 682 3458 et
697 3393 804 3457 Trivia
819 3417 857 3458 eo
873 3395 959 3480 quod
976 3394 1200 3477 tribusfunga-

201 3491 256 3543 tur
272 3479 395 3564 figuris,
411 3481 450 3543 de
466 3501 531 3565 qua
545 3479 709 3564 Vergilius
724 3480 779 3557 ait,
799 3480 878 3545 Trio
890 3484 1029 3565 virginis
1042 3504 1101 3546 ora
1116 3483 1202 3545 Dia·

201 3588 371 3640 nensnam
397 3566 507 3630 eadem
534 3565 639 3644 Luna,
667 3567 778 3630 eadem
799 3566 917 3643 Diana,
940 3567 1050 3630 eadem
1073 3565 1200 3630 Proser·

200 3653 278 3800 ppna
304 3662 445 3730 vocatur,
470 3652 503 3716 id
527 3663 576 3716 est
599 3652 748 3730 caelestis,
775 3653 944 3729 terrestris,
971 3663 1003 3716 et
1024 3652 1198 3716 infernalis.

236 3761 253 3802 e
267 3759 333 3824 qua
343 3737 484 3823 quidam,
496 3741 649 3825 Denique
663 3761 737 3803 cum
747 3741 848 3804 Luna
856 3749 916 3818 est,
924 3739 1082 3804 sublustri
1092 3743 1200 3822 splen·

200 3826 257 3889 det
267 3827 412 3898 amima,-
433 3826 516 3889 Cum
528 3828 680 3890 succinta
683 3826 779 3910 jacet
788 3827 939 3905 calamia,
953 3827 1100 3890 Latonia
1110 3826 1199 3906 cirqo

200 3919 257 3975 est.
304 3907 431 3974 Lunam
443 3910 614 3974 voluerunt
629 3911 726 3975 etiam
738 3911 825 3996 apud
834 3910 952 3974 inferos
964 3908 1198 3994 Proserpinam,

200 4018 258 4060 seu
273 3996 361 4082 quod
375 4007 468 4061 nocte
482 3996 600 4075 luceat,
622 3996 685 4061 sive
702 3998 788 4083 quod
802 3996 952 4060 humilior
967 4005 1074 4059 currat
1088 4005 1121 4058 et
1135 4005 1199 4058 ter-

200 4082 243 4146 ris
257 4082 388 4169 praesit3
411 4083 498 4147 unde
512 4083 620 4167 bigam
634 4083 733 4149 boum
748 4083 865 4149 habere
888 4081 1016 4160 dicitur,
1036 4080 1092 4144 illo
1113 4080 1198 4146 vide·
