2868 4848
629 557 784 615 scnonrl‘.
1162 549 1207 616 29

254 707 324 774 Sub
345 708 455 774 aculeo
479 706 662 794 Scorpionis
686 708 868 774 Sacrarlum
895 708 1108 775 constitutum
1133 721 1204 792 est;

208 797 270 859 sub
285 817 416 882 corpore
431 797 502 881 ejus
514 795 673 859 anteriora
689 793 846 860 Centauri
857 794 1016 873 videntur,
1032 795 1142 882 inquo
1157 809 1207 863 est

208 882 322 946 bestia.
369 880 574 966 Conspicitur
589 891 622 946 et
638 880 804 965 Sagittarii
826 903 883 966 pes
907 903 1051 946 summus
1076 905 1120 948 ex
1145 883 1207 949 alia

209 979 313 1051 parte.
367 967 435 1031 Sub
456 967 589 1032 australi
614 967 732 1031 circulo
757 989 858 1052 prope
878 965 1036 1032 Centauri
1062 969 1207 1034 membra

211 1052 337 1138 Hydrae
351 1054 462 1131 cauda,
480 1063 513 1118 et
528 1051 677 1134 Comus;
699 1053 740 1118 cd
758 1074 865 1137 genua
888 1051 1034 1138 Virginis
1056 1075 1137 1120 urna
1156 1067 1207 1122 est

209 1141 333 1224 posita:
358 1140 525 1203 asinistris
548 1139 676 1204 Orionis
700 1139 766 1224 (qui
781 1150 815 1204 et
830 1137 953 1224 Incola)
981 1139 1124 1219 Fluvius,
1149 1143 1207 1227 qui

210 1235 245 1289 et
268 1225 387 1302 PaduS,
411 1247 536 1289 necnon
559 1235 592 1289 et
614 1225 795 1290 Eridanus:
819 1226 880 1290 sub
901 1225 1038 1310 pedibus
1064 1226 1205 1307 Orionis,

211 1311 269 1396 qui
283 1323 316 1377 et
326 1310 436 1376 Incola
447 1311 572 1389 dicitur,
586 1310 695 1396 Lepus
707 1311 872 1396 splendida
883 1311 988 1396 effigie
1001 1313 1206 1398 conspicitur.

211 1397 404 1462 Retrorsum
418 1419 493 1462 vero
508 1421 527 1462 a
540 1398 676 1482 pedibus
691 1399 761 1483 ejus
771 1394 869 1462 Canis
878 1398 1044 1483 splendida
1050 1399 1205 1484 refulget:

210 1496 284 1568 post
297 1486 390 1570 cujus
399 1484 533 1548 caudam
546 1483 646 1548 Navis
657 1483 831 1548 constituta
842 1495 909 1562 est;
932 1484 973 1548 ad
981 1483 1081 1548 Tauri
1091 1487 1207 1569 pedem

209 1571 376 1655 protendit
384 1591 517 1634 manum
530 1568 631 1634 Orion
646 1593 653 1634 :
677 1570 812 1654 pedibus
823 1569 955 1634 Gemini
966 1571 1207 1657 appropinquat

211 1656 400 1720 Anticanis:
425 1678 522 1740 super
537 1666 635 1740 caput
651 1655 771 1720 Arietis
786 1678 851 1720 non
863 1655 959 1739 longe
974 1656 1015 1720 ab
1026 1655 1208 1721 Androme-

211 1742 262 1804 dae
277 1743 413 1827 pedibus
428 1741 621 1825 Triangulus
640 1742 763 1828 positus
789 1752 855 1820 est;
879 1743 939 1806 sub
963 1741 1075 1806 Ariete
1090 1753 1124 1807 et
1138 1743 1208 1808 Pis·

210 1829 301 1892 cibus
317 1825 432 1907 Cetus3
456 1828 615 1892 connexio
630 1851 705 1894 vero
730 1827 872 1892 Piscium
887 1849 1090 1894 communem
1109 1828 1208 1894 habet

210 1915 345 1978 stellam.

644 2026 786 2042 m

256 2165 458 2233 Qunnmon
478 2189 536 2231 cur
557 2190 576 2232 a
600 2167 679 2231 Jove
702 2167 833 2252 incepit,
861 2175 895 2231 et
918 2168 1142 2246 nonamusis,
1170 2181 1207 2235 ut

211 2252 401 2318 Homerus?
447 2250 650 2318 Conveniens
680 2255 780 2337 magis
809 2253 869 2317 hoc
900 2252 1095 2319 existimavit
1119 2256 1209 2339 prin-

209 2341 331 2424 cipium
354 2339 592 2416 Phaenomenis,
619 2339 668 2402 uti
683 2338 795 2403 Jovem
817 2339 989 2418 invocaret,
1014 2341 1101 2489 ‹puod
1123 2341 1208 2425 ipso·

210 2449 284 2490 rum
310 2426 485 2490 carminum
510 2425 598 2508 origo
624 2436 674 2488 est
699 2425 838 2510 Jupiter.
885 2426 962 2490 Non
989 2449 1024 2490 so
1037 2448 1075 2490 us
1098 2439 1208 2493 autem

210 2513 257 2576 ita
286 2511 420 2595 coepisse
449 2511 576 2575 videtur
605 2510 738 2588 Aratus,
764 2513 819 2576 sed
844 2522 878 2577 et
904 2511 1019 2577 Crates
1047 2511 1207 2592 Comicus,

210 2621 230 2662 a
244 2597 347 2663 Vesta
360 2597 516 2682 incipiens
532 2608 565 2660 et
578 2597 698 2682 profari
712 2598 870 2676 carmina3
896 2598 1044 2683 Sophron
1054 2599 1088 2662 in
1098 2599 1206 2678 mimo,

211 2685 269 2768 qui
285 2683 433 2748 Nuncius
447 2683 642 2762 inscribitur,
659 2707 678 2747 a
692 2681 795 2748 Vesta
809 2684 974 2768 incipiens.
1021 2684 1144 2748 Omnes
1158 2686 1208 2750 in-

209 2781 325 2834 vocant
338 2769 360 2832 J
361 2792 451 2833 ovem
466 2769 609 2833 omnium
622 2769 811 2854 principem.
864 2771 929 2835 Sed
943 2772 1101 2856 quaeritur
1115 2774 1208 2857 eujus

211 2855 300 2920 Jovis
323 2856 515 2931 meminerit,
537 2867 689 2938 utrumne
713 2855 862 2933 fabulosi,
879 2880 920 2922 an
935 2857 1116 2921 naturalis?
1161 2857 1208 2924 Et

210 2942 393 3027 philosophi
415 2942 544 3027 quidem
573 2941 705 3026 plurimi
728 2942 882 3006 naturalis
909 2943 1000 3007 aiunt
1024 2965 1098 3007 eum
1119 2943 1207 3008 Jovis

211 3029 404 3092 meminisse.
451 3027 516 3092 Sed
536 3024 650 3092 Crates
666 3028 721 3106 ait,
737 3027 849 3092 Jovem
865 3029 986 3092 dictum
1000 3029 1134 3107 caelum3
1158 3031 1209 3094 in-

210 3126 359 3178 vocatum
373 3136 447 3178 vero
461 3114 587 3191 merito,
604 3113 681 3199 quia
694 3114 728 3177 in
744 3123 816 3178 ae're
826 3124 859 3178 et
868 3115 987 3178 aethere
999 3126 1076 3180 suut
1087 3116 1205 3194 sidera3

212 3211 245 3264 et
262 3199 444 3264 Homerum
459 3200 579 3263 dixisse
594 3200 704 3263 Jovem
720 3200 755 3263 in
770 3199 877 3283 aliqua
891 3201 1116 3285 partecaelum.
1160 3203 1208 3266 Et

210 3287 280 3370 ipse
297 3286 429 3364 Aratus,
446 3287 532 3371 quod
548 3286 625 3350 dicit
641 3284 837 3361 Herodotus
854 3286 965 3350 Jovem
981 3287 1103 3351 dictum
1122 3297 1205 3366 aera,

212 3384 246 3436 et
263 3373 374 3437 Crates
390 3372 520 3457 quidem
535 3373 677 3457 ejusdem
695 3382 744 3436 est
764 3372 933 3456 opinionis,
946 3383 1125 3459 testemque
1138 3397 1206 3437 esse

212 3459 382 3523 Philonem
398 3457 564 3523 Comicum
580 3458 667 3524 dicit.
714 3456 787 3522 Hoc
802 3469 911 3523 autem
922 3470 1047 3524 constat
1059 3460 1206 3544 etipsum

101 3627 105 3634 ι
212 3546 328 3609 dicere.
374 3545 460 3608 Nam
476 3545 552 3630 quia
572 3544 651 3608 nihil
673 3544 760 3608 aliud
782 3556 832 3608 est
851 3544 940 3624 Vox,
962 3568 1059 3631 quam
1078 3567 1208 3630 percus-

212 3654 267 3696 sus
282 3639 346 3708 a'er,
362 3632 488 3696 videtur
500 3631 729 3695 convenienter
743 3630 875 3712 dixisse,
900 3654 973 3717 quae
988 3632 1035 3696 rei
1049 3641 1207 3716 praestent

212 3719 447 3795 auctoritatem,
471 3717 581 3802 plenas
596 3717 675 3780 Jove
690 3717 756 3781 vias
776 3717 928 3795 referens,
955 3729 989 3783 et
1012 3740 1123 3782 omnes
1148 3716 1208 3780 ho-

211 3805 335 3868 minum
360 3814 546 3868 conventus.
592 3803 684 3867 Nihil
710 3826 832 3880 eorum,
857 3827 931 3889 quoe
955 3805 990 3869 in
1011 3815 1097 3868 terra
1116 3813 1205 3880 sunt,

213 3891 281 3955 sine
304 3900 376 3957 aere
392 3900 460 3955 est:
484 3890 607 3954 ratione
631 3890 739 3967 etiam,
763 3891 854 3974 cujus
878 3913 987 3954 omnes
1010 3913 1104 3954 usum
1124 3889 1207 3953 desi-

213 3977 370 4041 deramus.
417 3976 503 4041 Nam
527 3976 635 4040 cuncti
654 3976 803 4040 mortales
824 3978 1000 4041 ostendunt
1019 3998 1114 4040 usum
1136 3997 1205 4039 sus·

211 4063 303 4149 piri0,
319 4074 353 4128 et
376 4085 449 4129 cum
471 4063 616 4141 vivimus,
630 4071 711 4134 ¹atre
731 4062 921 4146 indigemus.
966 4063 1014 4129 At
1038 4062 1126 4148 quod
1148 4060 1205 4141 ait,
