2868 4848
615 617 768 662 serronrt.
1144 599 1188 665 45

194 775 268 816 cum
290 775 391 817 uxore
415 753 540 839 Pyrrha
554 755 588 818 in
611 767 720 820 monte
742 755 854 834 AEtna,
880 757 936 840 qui
953 768 1002 821 est
1016 755 1187 823 altissimus

194 840 229 902 in
256 839 382 916 Sicilia3
407 852 440 904 et
463 852 672 924 posteaquam
688 863 724 905 se
746 853 779 905 et
794 864 928 906 uxorem
949 865 1040 907 suam
1053 844 1088 906 in
1104 855 1188 908 terra

194 925 342 989 relictum
356 927 490 1006 censuit,
506 927 651 990 orbitatis
667 939 700 989 et
714 927 870 990 vastitatis
885 928 1045 1006 misertus,
1058 929 1098 991 ab
1109 928 1188 993 Jove

195 1010 317 1094 precari
340 1012 447 1094 caepit,
472 1022 510 1074 ut
534 1023 591 1075 aut
606 1022 640 1075 et
653 1013 717 1097 ipsi
736 1013 916 1090 interirent,
942 1024 999 1077 aut
1021 1013 1189 1078 hominurn

196 1118 298 1177 genus
314 1097 531 1161 restituerent.
577 1097 706 1181 Jupiter
720 1097 884 1182 respondit
898 1109 931 1162 et
941 1121 999 1183 per
1009 1111 1127 1162 sortem
1138 1100 1188 1162 in-

196 1181 321 1261 dicavit,
336 1192 374 1244 ut
388 1183 520 1266 lapides,
537 1205 617 1266 quos
632 1193 706 1246 aute
722 1205 755 1246 se
770 1184 975 1267 reperissent,
989 1195 1062 1269 post
1076 1207 1110 1247 se
1121 1185 1189 1269 jae-

196 1277 289 1330 taret.
336 1266 470 1331 Reversi
491 1268 613 1352 itaque,
635 1279 796 1352 quotquot
818 1269 996 1333 Deucalion
1011 1269 1109 1348 misit,
1131 1269 1190 1333 viri

196 1351 337 1429 fiebant3
361 1375 441 1436 quos
465 1353 599 1438 Pyrrha,
619 1353 770 1418 foeminae.
817 1354 893 1420 Quo
908 1354 992 1418 facto
1006 1377 1117 1418 rursus
1132 1355 1190 1418 ho·

197 1437 321 1500 minum
336 1461 436 1520 genus
448 1453 562 1502 uatum
577 1451 636 1518 est,
648 1440 689 1503 ob
705 1462 802 1522 quam
816 1463 884 1503 rem
898 1446 968 1508 λαὸς
993 1440 1108 1504 Graece
1133 1461 1189 1522 po-

196 1523 292 1605 pulus
308 1523 435 1603 dicitur,
452 1524 527 1608 quia
541 1523 621 1608 lapis
636 1525 816 1608 antiquitus
832 1525 947 1588 Graece
962 1528 1035 1594 λάας
1050 1525 1190 1608 appella·

197 1608 302 1674 batur.
350 1608 404 1672 Ab
414 1610 554 1693 antiquis
564 1609 693 1693 quidem
705 1610 822 1673 dicitur
834 1611 983 1674 Aristeus
991 1609 1076 1673 filius
1087 1610 1190 1694 Apol·

196 1693 271 1758 linis
285 1693 394 1774 fuisse,
406 1717 502 1778 quem
518 1695 636 1778 Apollo
651 1696 768 1759 dicitur
788 1719 831 1759 ex
852 1694 979 1779 Cyrene
998 1696 1191 1779 procreasse,

198 1801 295 1863 quam
324 1781 509 1864 compressit
537 1781 572 1844 iu
600 1792 708 1844 monte
732 1780 874 1866 Orpheo,
900 1781 956 1864 qui
978 1777 1114 1865 Cyrenis
1141 1792 1191 1845 est

197 1865 387 1948 appellatus.
433 1865 580 1930 Aristeus
594 1866 710 1930 dicitur
724 1866 871 1929 omnibus
883 1865 1005 1930 artibus
1016 1867 1128 1931 doctus
1139 1867 1191 1931 fu·

198 1951 272 2027 isse,
284 1951 401 2034 quibus
411 1962 543 2014 caeteros
554 1951 698 2016 homiues
710 1953 750 2014 ad
761 1953 861 2016 bonos
870 1951 993 2015 fructus
1003 1952 1192 2016 utilitatem·

199 2057 263 2120 quc
278 2031 484 2121 perducebat.
528 2035 573 2114 Is,
590 2059 663 2100 cum
680 2036 841 2101 Caniculae
862 2038 989 2120 signum
1003 2037 1192 2122 pestiferum

198 2123 347 2198 oriretur,
363 2133 397 2186 et
412 2123 519 2186 statim
534 2135 708 2206 praeseutes
723 2123 848 2186 fructus
863 2123 1068 2199 laederentur,
1083 2133 1117 2186 et
1135 2122 1193 2186 ho-

199 2209 302 2272 mines
317 2207 470 2270 diuturna
484 2208 668 2292 pestilentia
683 2208 897 2285 afficerentur,
921 2207 1043 2272 facturn
1069 2219 1129 2285 est,
1154 2220 1193 2272 ut

199 2316 220 2356 a
232 2293 292 2357 diis
302 2292 541 2377 impetraretur,
557 2294 696 2357 maxime
712 2293 880 2378 Neptuno,
905 2293 991 2356 Jovis
1016 2293 1126 2371 fratre,
1151 2315 1192 2357 ne

199 2379 446 2462 tempestatibus
457 2389 491 2442 et
505 2379 607 2442 ventis
622 2388 788 2463 pateretur
803 2401 905 2462 genus
918 2378 1096 2442 humanum
1111 2378 1194 2442 affici

199 2465 339 2547 indignis
353 2464 597 2528 calamitatibus.
642 2463 759 2548 Itaque
774 2466 866 2528 venia
881 2465 966 2540 data,
982 2465 1194 2527 constitutum

202 2562 251 2614 est
266 2550 355 2613 adiis
372 2560 420 2625 ut,
446 2546 612 2613 Caniculae
635 2551 737 2614 stellae
758 2562 884 2628 exortu,
909 2549 996 2614 venti
1019 2549 1194 2632 perflarent

199 2636 267 2699 dies
282 2635 407 2699 circiter
422 2636 642 2718 quadraginta,
662 2637 797 2720 ejusque
820 2635 1012 2720 pestilentiae
1034 2635 1098 2697 vim
1122 2635 1193 2698 abs·

200 2722 377 2786 cinderent.
423 2720 632 2806 Quapropter
648 2722 796 2784 Aristeus
811 2744 829 2784 a
845 2721 903 2785 diis
927 2721 1013 2784 inter
1035 2730 1120 2783 astra
1145 2730 1195 2783 est

201 2807 382 2872 collocatus
428 2805 540 2870 Habet
551 2818 659 2870 autem
673 2806 839 2890 Aquarius
850 2807 968 2885 stellas,
979 2806 1013 2868 in
1024 2807 1127 2890 capite
1139 2806 1195 2869 ob-

199 2916 307 2957 scuras
318 2893 406 2970 duas,
421 2892 456 2955 in
466 2892 599 2976 singulis
610 2893 751 2955 humeris
766 2891 905 2976 singulas
919 2892 1051 2976 amplas,
1061 2893 1095 2954 iu
1105 2891 1195 2954 siuis-

200 2991 251 3042 tro
275 2979 385 3042 cubito
411 2999 518 3054 unam,
543 2978 578 3040 in
602 2978 718 3041 dextro
738 2978 847 3040 cubito
871 2999 980 3056 unam,
999 2977 1033 3041 in
1061 2975 1195 3060 singulis

201 3064 382 3128 mammillis
397 3064 549 3146 singulas,
566 3064 626 3126 sub
641 3062 821 3126 mammillis
847 3063 997 3145 singulas,
1021 3062 1056 3125 in
1079 3062 1196 3126 dextro

199 3149 312 3214 lumbo
341 3172 449 3228 unam,
478 3149 513 3211 in
535 3148 668 3232 singulis
690 3149 826 3231 genibus
848 3149 1000 3230 singulas,
1023 3148 1057 3210 in
1080 3148 1197 3212 dextra

202 3237 282 3300 tibia
297 3257 406 3311 unam,
421 3235 455 3297 in
471 3234 603 3318 singulis
617 3234 754 3320 pedibus
779 3233 931 3318 singulas.
978 3233 1062 3296 Sunt
1085 3255 1196 3296 omnes

201 3319 343 3385 XVIII.
389 3320 515 3383 Effusio
536 3343 611 3383 vero
635 3342 728 3404 aquae
755 3320 870 3402 dextra
884 3319 1031 3402 laevaque
1046 3319 1084 3382 fit
1096 3318 1196 3382 stellis

202 3407 347 3474 XXXI.
394 3406 541 3472 Quarum
562 3407 635 3470 duae
660 3405 835 3490 splendidae
860 3416 947 3482 sunt,
973 3415 1099 3468 caeterae
1122 3404 1197 3468 vero

85 3521 90 3532 ·
202 3495 358 3558 obscurae.

245 3577 462 3663 Capricornus
491 3600 567 3642 sane
598 3577 842 3642 similitudinem
871 3577 969 3642 habet
999 3574 1196 3660 AEgipanos3

200 3665 301 3730 babet
314 3665 400 3728 euim
415 3664 622 3748 posteriorem
637 3675 762 3747 partem
778 3661 891 3740 Piscis,
913 3663 1054 3748 priorem
1083 3660 1198 3746 Capri-

202 3751 309 3827 corni;
333 3760 367 3813 et
380 3750 467 3813 hunc
481 3748 635 3812 honorem
650 3749 766 3812 dicitur
778 3759 952 3825 assecutus,
969 3772 1007 3812 eo
1024 3748 1199 3831 quodcum

202 3837 281 3900 Jove
308 3836 349 3900 sit
373 3836 524 3899 nutritus.
568 3834 777 3918 Epimenides
802 3834 879 3898 dicit
901 3834 934 3898 iu
960 3834 1020 3897 Ida
1044 3844 1198 3914 utrosque

202 3922 353 3998 nutritos,
365 3932 397 3985 et
403 3921 444 3985 ad
450 3921 603 3985 Titanum
615 3920 736 3984 bellum
747 3942 820 3984 cum
833 3919 912 3983 Jove
924 3941 991 3983 esse
1002 3918 1197 4002 profectum3

203 4031 299 4094 quern
315 4007 444 4091 Jupiter
457 4007 558 4070 victor
571 4007 664 4070 astris
683 4006 805 4083 intulit,
829 4004 915 4088 quod
940 4007 1009 4089 ejus
1034 4024 1131 4088 opera
1155 4001 1200 4064 dii

204 4094 318 4159 armati
332 4102 456 4170 essent3
478 4093 621 4177 itemque
637 4102 770 4156 matrem
790 4092 859 4176 ejus
875 4088 1024 4175 Capram,
1039 4089 1124 4174 quod
1141 4087 1202 4150 Di·
