2868 4848
624 621 781 670 senoum.
1159 603 1202 670 53

204 763 363 832 Minervae
378 767 463 832 inter
478 775 562 832 astra
586 767 771 832 collocatam
792 766 914 845 dicunt,
939 785 1077 853 quaequc
1099 766 1203 852 prima

204 855 245 918 ab
267 877 306 918 ea
328 854 482 919 fabricata
497 865 555 932 est,
577 865 611 918 et
624 877 711 918 mare
727 855 814 938 quod
837 864 932 918 antea
953 853 1074 918 invium
1096 855 1203 919 fuerat

204 940 398 1017 hominibus,
414 940 558 1025 pervium
577 941 684 1004 nautis
698 939 829 1023 ingenio
844 939 931 1018 lecit,
948 961 1044 1024 quam
1059 950 1202 1005 notatam

203 1026 238 1089 in
254 1026 336 1090 coelo
351 1027 510 1109 figuravit,
527 1025 582 1090 sed
603 1050 622 1091 a
641 1025 866 1111 gubernaculis
886 1047 989 1109 usque
1009 1026 1050 1091 ad
1069 1025 1200 1092 malum.

206 1111 366 1177 Nonnulli
389 1113 512 1189 dicunt,
537 1111 689 1177 Danaum
714 1111 786 1176 Beli
809 1112 911 1177 filium
926 1134 969 1176 ex
985 1111 1202 1197 compluribus

205 1197 395 1282 conjugibus
411 1198 646 1282 quinquaginta
660 1197 741 1262 filias
755 1197 914 1276 habuisse,
938 1197 1068 1262 fratrem
1093 1210 1202 1262 autem

206 1285 275 1368 ejus
291 1284 473 1368 AEgyptum
496 1284 628 1348 totidem
643 1283 735 1349 filios.
780 1284 929 1348 Danaum
948 1293 1057 1348 autem
1073 1294 1106 1348 et
1120 1282 1202 1348 filias

206 1371 275 1454 ejus
287 1369 467 1434 interlicere
483 1369 593 1447 voluit,
610 1381 646 1433 ut
662 1392 797 1454 regnum
816 1380 988 1455 paternum
1011 1369 1096 1434 solus
1120 1370 1203 1434 obti-

205 1466 309 1532 neret,
347 1478 464 1540 easque
501 1455 574 1519 filiis
611 1456 675 1520 suis
709 1477 827 1520 uxores
863 1479 882 1520 a
916 1455 1015 1519 fratre
1045 1456 1201 1540 poposcit.

206 1540 340 1605 Danaus
356 1555 475 1619 autem,
491 1541 618 1624 cognita
632 1541 765 1620 malitia,
782 1541 962 1606 Minervam
976 1540 1134 1606 invocavit
1148 1541 1204 1606 ad-

201 1627 372 1712 jutricem3
397 1639 475 1691 tunc
490 1629 630 1711 primum
645 1627 762 1691 dicitur
777 1627 924 1690 Minerva
948 1627 1054 1690 navim
1077 1626 1201 1707 fecisse,

206 1736 280 1798 quae
305 1713 412 1796 Argos
436 1713 595 1797 appellata
609 1724 668 1790 est,
684 1736 758 1776 cum
774 1734 837 1799 qua
851 1714 984 1777 Danaus
1000 1734 1043 1776 ex
1059 1712 1203 1797 Apbrica

206 1799 313 1884 Argos
327 1799 481 1885 profugit.
526 1796 691 1883 AEgyptus
706 1799 788 1863 filios
802 1821 875 1863 suos
890 1799 930 1863 ad
944 1799 1203 1883 persequendum

204 1885 338 1950 fratrem
352 1886 450 1950 misit.
497 1883 565 1951 Qui
574 1895 744 1969 postquam
754 1884 860 1968 Argos
870 1895 1039 1961 venerunt,
1050 1897 1203 1969 patruum

205 1971 394 2056 impugnare
415 1981 593 2055 coeperunt.
650 1971 783 2035 Danaus
803 1981 923 2052 autem,
943 1980 981 2034 ut
1001 1970 1081 2035 vidit
1101 1993 1135 2034 se
1156 1971 1202 2036 eis

205 2057 360 2122 obsistere
375 2080 441 2121 non
456 2079 558 2141 posse,
573 2056 662 2121 dedit
677 2058 722 2121 eis
731 2057 811 2121 filias
822 2079 905 2135 suas,
916 2078 989 2142 quae
999 2057 1101 2141 patris
1109 2058 1203 2142 jussu

205 2143 289 2208 viros
309 2164 382 2207 suos
402 2165 468 2207 una
486 2154 579 2206 nocte
598 2143 839 2220 interfecerunt,
859 2143 925 2206 sola
947 2141 1204 2228 Hypermnestra

206 2228 327 2293 Linum
348 2229 501 2292 servavit:
525 2229 566 2292 ob
582 2229 668 2314 quod
683 2229 792 2293 fanum
807 2229 870 2293 illis
890 2228 1085 2294 factumest.
1132 2229 1204 2306 Cre·

206 2326 286 2379 terae
302 2338 377 2379 vero
400 2315 553 2380 dicuntur
578 2316 663 2399 apud
689 2315 813 2379 Inferos
833 2316 868 2378 in
893 2314 1013 2379 dolium
1035 2325 1204 2399 pertusum

204 2423 322 2485 aquam
337 2400 494 2484 ingerere.
541 2400 653 2465 Habet
667 2412 776 2466 autem
792 2399 890 2465 Navis
905 2400 1022 2479 stellas,
1043 2401 1078 2464 in
1093 2424 1203 2486 puppe

205 2498 358 2572 quatuor,
373 2489 408 2551 in
421 2497 611 2551 catastroma
627 2499 775 2572 quatuor,
790 2490 824 2550 in
839 2485 923 2550 malo
938 2509 1061 2550 summo
1076 2499 1152 2566 tres,
1168 2489 1203 2550 in

204 2573 338 2658 singulis
354 2573 537 2637 temonibus
553 2573 708 2657 quinque,
725 2573 784 2637 sub
799 2573 905 2638 carina
916 2572 1070 2657 quinque.
1117 2573 1203 2638 Sunt

204 2682 316 2723 omues
333 2658 473 2724 XXVI.

249 2744 352 2809 Porro
368 2746 427 2810 sub
439 2746 553 2810 Ariete
569 2756 603 2811 et
619 2744 765 2810 Piscibus
780 2767 877 2830 super
898 2744 1030 2810 fluvium
1049 2742 1150 2809 Cetus
1167 2744 1203 2808 in

204 2831 275 2896 caeli
301 2832 432 2915 regione
464 2833 634 2897 collocatus
666 2840 725 2894 est.
785 2829 914 2895 Dicitur
937 2841 1045 2895 autern
1070 2854 1089 2894 a
1113 2829 1203 2916 Nep·

205 2928 287 2982 tuno
302 2918 416 2982 missus
440 2916 479 2982 ad
503 2918 668 3003 Cepheum
684 2925 815 3000 propter
830 2917 980 2981 invidiam
1004 2915 1163 2994 Nereidis‚
1184 2940 1204 2982 a

204 3027 269 3089 qua
293 3015 404 3068 contra
428 3003 641 3089 Cassiepeiam
665 3013 697 3066 et
719 3002 958 3067 Andromedam
976 3002 1204 3068 exardescebat

204 3100 337 3175 propter
367 3089 499 3153 nimiam
527 3088 810 3175 pulchritudinem.
855 3088 943 3153 Huic
969 3088 1050 3153 Ceto
1074 3087 1205 3152 Andro·

204 3177 299 3240 meda
313 3177 475 3261 proposita
489 3187 568 3254 erat,
586 3198 681 3260 quem
692 3174 830 3238 Perseus
843 3175 1016 3252 interfecit,
1030 3185 1064 3239 et
1072 3175 1112 3238 ab
1124 3173 1203 3239 Jove

204 3263 297 3327 astris
322 3262 429 3325 illatus
454 3272 513 3340 est,
535 3273 574 3325 ut
596 3260 750 3326 memoria
773 3271 863 3325 actus
890 3270 1045 3325 maneret.
1091 3259 1204 3326 Habet

204 3359 315 3414 autem
337 3347 455 3425 stellas,
476 3348 511 3412 in
525 3349 635 3412 caudae
658 3357 804 3411 extremo
824 3347 923 3411 claras
946 3347 1036 3422 duas,
1062 3369 1081 3409 a
1103 3347 1204 3411 cauda

205 3455 309 3585 ppgpe
325 3433 366 3497 ad
380 3433 511 3517 gibbum
528 3435 597 3520 ejus
609 3457 679 3512 sex,
690 3433 749 3498 sub
758 3443 869 3497 ventre
881 3455 948 3498 sex.
996 3432 1081 3496 Sunt
1092 3455 1203 3497 omnes

248 3605 392 3684 Fluvius,
408 3615 447 3670 ut
462 3605 607 3690 superius
617 3604 770 3684 diximus,
782 3606 893 3670 subter
902 3601 1203 3670 Cetumcollocatus

204 3703 273 3758 est:
291 3693 360 3756 caeli
373 3693 504 3777 regione
520 3691 672 3770 cernitur,
689 3692 729 3755 ad
746 3714 842 3777 quam
857 3691 986 3754 sinister
1002 3690 1131 3755 Orionis
1146 3713 1203 3775 pes

204 3778 405 3842 extenditur.
450 3778 505 3842 Ab
530 3777 634 3843 Arato
650 3789 683 3842 et
698 3777 883 3863 Pherecyde
909 3776 1070 3840 Eridanus
1095 3776 1203 3842 Padus

206 3886 275 3928 esse
297 3874 452 3947 putatur;
490 3874 524 3928 et
553 3864 625 3927 ideo
648 3864 734 3928 inter
758 3875 843 3930 astra
868 3863 1052 3940 collocatus,
1074 3863 1160 3946 quod
1184 3887 1203 3928 a

204 3949 386 4015 meridianis
401 3950 548 4035 partibus
564 3949 700 4034 dirigere
716 3951 868 4016 cernitur.
916 3948 1079 4013 Hesiodus
1095 3959 1203 4013 autem

205 4035 284 4100 dicit
304 4037 475 4101 euminter
498 4046 583 4101 astra
606 4036 804 4112 collocatum,
829 4046 962 4120 propter
987 4032 1202 4113 Phaethonta,

206 4120 289 4188 Solis
305 4133 337 4187 et
354 4122 523 4208 Clymenes
537 4122 651 4202 filium,
669 4123 725 4208 qui
740 4122 854 4187 dicitur
878 4142 1007 4186 currum
1031 4119 1131 4205 patris
1154 4143 1203 4184 as-
