2868 4848
608 592 765 640 senemr.
1143 574 1182 638 61

187 738 348 825 appellata
363 737 538 816 Tuberoni,
555 737 589 801 iu
603 747 732 823 pectore
748 734 867 801 Leonis
882 736 999 801 occidit
1012 737 1184 816 matutino,

187 838 222 889 ct
235 825 338 910 pridie
353 848 428 891 non.
444 823 539 888 Febr.
556 824 699 888 Fidicula
712 823 835 908 vesperi
852 822 975 888 occidit.

232 912 264 975 A
281 911 420 976 Favonio
432 911 466 974 in
482 910 711 996 aequinoctium
729 908 849 974 Caesari
863 909 1043 993 significant
1054 908 1115 974 IV.
1129 909 1186 974 cal.

154 1067 155 1072 .
188 995 289 1062 Mart.
306 998 513 1083 quatriduum
527 997 624 1075 varie,
643 1007 677 1060 et
693 993 795 1062 VIII.
812 995 870 1060 cal.
889 994 988 1060 Mart.
1005 995 1187 1060 hirundinis

187 1084 285 1161 visus,
301 1096 478 1233 effoetero
493 1083 544 1148 die
560 1082 677 1148 arcturi
692 1092 824 1146 exortus
843 1081 1054 1166 vespertinus.
1101 1081 1187 1146 Item

187 1192 289 1233 nonas
357 1181 416 1236 art.
440 1169 549 1234 Caesar
572 1166 691 1235 Cancri
711 1178 830 1232 exortu
853 1167 888 1231 id
901 1167 972 1232 ficri
997 1168 1185 1232 observavit.

187 1254 292 1321 VIII.
304 1255 383 1320 Idus
394 1255 493 1321 Mart.
507 1254 665 1355 aquilonis
677 1253 778 1318 Piscis
788 1265 936 1332 exortus,
949 1264 983 1317 et
992 1265 1122 1338 postero
1134 1254 1186 1319 die

189 1340 320 1406 Orionis
335 1353 479 1420 exortus,
495 1352 529 1406 et
543 1364 577 1405 1n
592 1339 702 1406 Attica
716 1339 838 1404 Milvus
862 1362 1015 1425 apparere
1039 1341 1188 1405 observa-

187 1437 252 1495 tur.
297 1427 413 1492 Idibus
428 1427 558 1492 Martiis
574 1426 683 1493 Caesar
696 1427 810 1490 ferales
825 1425 885 1490 sibi
901 1426 1027 1490 notavit
1043 1426 1187 1511 Scorpio·

188 1514 239 1577 nis
255 1536 393 1579 occasus.
416 1513 485 1579 III.
503 1514 562 1578 cal.
583 1511 706 1598 Aprilis
728 1512 832 1576 Italiae
852 1511 974 1577 Milvus
993 1513 1184 1578 ostenditur.

188 1599 278 1664 XII.
294 1600 351 1666 cal.
364 1599 492 1685 Apriles
507 1600 623 1685 Equus
635 1599 750 1664 occidit
764 1598 934 1663 matutino.

231 1683 480 1772 AEquinoctium
493 1708 628 1750 vernum
643 1684 748 1750 VIII.
761 1685 820 1750 cal.
837 1684 960 1769 Aprilis
974 1683 1084 1768 peragi
1100 1684 1187 1749 vide·

188 1782 253 1836 tur.
299 1771 353 1838 Ab
363 1795 402 1836 eo
411 1773 451 1836 ad
461 1771 679 1856 Vergiliarum
691 1781 842 1835 exortum
851 1771 1048 1835 matutinum
1063 1768 1187 1836 Caesari

188 1857 379 1942 significant.
425 1857 495 1922 III.
512 1879 587 1923 non.
605 1857 710 1942 April.
720 1858 755 1921 in
767 1857 878 1922 Attica
888 1856 1043 1941 Vergiliae
1053 1879 1184 1942 vespere

188 1944 402 2009 occultantur.
447 1944 532 2008 Item
546 1955 621 2029 post
634 1943 736 2028 pridie
753 1966 853 2008 nonas
866 1942 997 2027 Apriles
1011 1943 1045 2007 in
1056 1943 1187 2008 Boeotia

188 2041 222 2094 et
247 2030 406 2095 Chaldaeis
432 2030 533 2094 Orion
549 2041 582 2094 et
597 2030 720 2114 gladius
745 2031 815 2115 ejus
839 2029 998 2114 incipiunt
1023 2029 1184 2095 abscondi.

189 2113 314 2181 Caesari
328 2116 390 2183 VI.
406 2117 486 2181 Idus
500 2115 621 2203 Aprilis
633 2116 791 2200 significat
799 2117 917 2180 imbres
929 2115 1038 2180 Librae
1047 2138 1185 2180 occasus.

188 2201 289 2268 XIV.
307 2201 366 2268 cal.
385 2202 490 2268 Maias
503 2202 640 2267 succulae
655 2203 805 2268 occidunt
826 2224 969 2286 vespere,
991 2202 1078 2266 sidus
1091 2201 1186 2266 vehe-

187 2311 291 2367 mens,
307 2300 341 2353 et
355 2299 440 2354 terra
453 2289 597 2375 marique
613 2289 787 2355 turbidum.
832 2287 933 2352 XVI.
949 2287 1006 2351 cal.
1019 2286 1135 2366 Maias,
1147 2288 1183 2351 in

188 2374 301 2440 Attica
315 2375 463 2440 occidunt
477 2399 531 2440 ves
555 2375 613 2452 eri,
631 2375 760 2440 Caesari.
804 2373 884 2440 XV.
896 2373 953 2438 cal.
966 2371 1047 2438 Mai.
1060 2375 1183 2458 quatri-

187 2461 289 2526 duum
298 2461 488 2546 significant.
566 2461 614 2527 II.
630 2461 688 2526 cal
705 2460 786 2525 Mai.
802 2459 942 2546 Assyriis
957 2459 1093 2524 succulae
1104 2461 1186 2539 occi-

187 2547 272 2612 dunt
290 2570 343 2611 ves
367 2548 425 2626 eri,
451 2548 539 2633 quod
560 2547 657 2632 vulgo
678 2570 718 2632 ap
743 2547 859 2611 ellatur
882 2547 969 2610 sidus
993 2545 1184 2631 parilicium,

187 2633 341 2784 puouiam
390 2634 417 2699 I.
429 2635 488 2698 cal.
500 2633 605 2698 Maias
612 2633 700 2698 urbis
763 2655 825 2698 rnae
834 2632 949 2697 natalis
959 2632 1108 2710 habetur,
1120 2654 1185 2719 quo

201 2743 255 2784 ere
270 2721 425 2784 serenitas
444 2720 610 2798 redditur3
633 2719 810 2784 claritatem
834 2718 1063 2783 observationis
1086 2740 1186 2783 mem·

187 2805 318 2870 brorum
332 2816 516 2890 augmento,
534 2805 667 2892 Hyadas
682 2805 918 2891 appellantibus
942 2805 1077 2884 Graecis,
1098 2805 1185 2889 quod

187 2892 289 2956 nostri
314 2915 333 2956 a
353 2892 561 2956 similitudine
582 2893 779 2976 cognominis
802 2890 990 2956 vocabulum
1014 2891 1060 2954 eis
1084 2891 1184 2955 stellis

186 2988 319 3062 propter
331 3001 440 3044 succos
455 2978 640 3062 impositum
651 2979 849 3042 arbitrantur
861 3002 868 3042 ε
892 2977 1033 3062 imperiti
1045 2977 1185 3062 appella-

185 3087 260 3128 vere
275 3061 435 3128 Succidas.
481 3063 600 3128 Caesari
614 3062 717 3129 VIII.
732 3065 792 3129 cal.
810 3063 914 3128 Maias
929 3074 1083 3128 notantur
1105 3063 1182 3127 dies.

144 3191 148 3200 ι
185 3148 270 3215 VII.
286 3150 345 3214 eal.
362 3148 467 3215 Maias
487 3149 635 3236 AEgypto
662 3149 763 3215 Hoedi
787 3150 990 3215 exoriuntur.
1036 3148 1100 3215 VI.
1125 3149 1182 3214 cal.

186 3235 293 3300 Maias
309 3235 448 3301 Boeotias
465 3248 499 3301 et
515 3238 636 3301 Atticae
657 3232 756 3301 Canis
780 3258 910 3322 vespere
935 3235 1125 3308 occultatur,
1150 3248 1184 3301 et

186 3320 331 3388 Fidicula
344 3345 437 3387 mane
453 3323 565 3387 oritur.
590 3322 634 3389 V.
650 3323 709 3386 cal.
726 3321 842 3400 Maias,
859 3321 1000 3407 Assyriis
1017 3321 1118 3385 Orion
1134 3332 1184 3386 to-

185 3416 238 3558 pps
261 3409 482 3508 absconditur.
528 3407 654 3474 Quarto
685 3419 793 3474 autem
817 3408 875 3473 cal.
903 3408 1008 3474 Maias
1039 3407 1181 3494 Assyriis

217 3517 295 3558 anis.

227 3579 291 3645 VI.
306 3602 381 3644 uon.
398 3579 503 3645 Maias
519 3577 641 3646 Caesari
651 3578 797 3646 Succulae
805 3579 966 3644 matutino
978 3579 1182 3656 exoriuntur,

185 3676 218 3730 et
234 3664 339 3732 VIII.
364 3666 445 3730 Idus
468 3665 573 3731 Maias
599 3665 733 3752 Capella
754 3665 910 3752 pluvialis.
955 3667 1103 3753 AEgypto
1127 3689 1183 3730 au-

183 3760 250 3816 tem
272 3751 384 3816 eodem
400 3752 451 3816 die
476 3751 576 3817 Canis
596 3753 720 3837 vesperi
744 3753 932 3818 occultatur.
980 3753 1032 3818 Sic
1057 3752 1124 3816 fere
1147 3752 1182 3816 in

183 3837 247 3902 VI.
294 3837 372 3987 Iddm
392 3837 508 3917 Maiae,
535 3839 592 3923 qui
607 3850 657 3904 est
671 3839 888 3924 Vergiliarum
903 3850 1048 3917 exortus,
1069 3839 1182 3902 decur-

146 3941 148 3948 ’
182 3934 260 3989 runt
274 3924 301 3988 si
324 3947 386 3988 era.

226 4010 259 4073 A
279 4009 495 4094 Vergiliarum
520 4019 638 4075 exortu
661 4010 843 4095 significant
859 4009 978 4075 Caesari
991 4019 1064 4095 post
1101 4008 1180 4073 ridie

183 4094 261 4161 Idus
272 4095 377 4162 Maias
386 4096 518 4176 Arcturi
527 4120 673 4163 occasum
681 4097 888 4164 matutinum.
911 4095 981 4162 III.
992 4096 1066 4161 idus
1116 4095 1181 4160 aias
