2868 4848
599 580 747 624 ARATEA·

177 718 248 783 Nec
262 719 373 804 procul
387 719 461 784 hine
476 719 591 784 dextra
604 720 752 784 defundit
767 718 932 805 Aquarius
948 721 1059 798 undas,

178 804 289 889 Atque
304 806 430 870 imitata
444 806 564 870 cadunt
578 806 711 870 errantis
727 806 817 892 signa
831 805 974 892 liquoris.

177 891 208 954 E
224 891 342 976 quibus
357 913 423 956 una
438 892 537 974 magis
553 892 612 955 sub
630 892 730 956 caude
744 893 871 956 flamma
884 892 1007 957 relucet

177 976 398 1060 Squamigerae
415 977 546 1054 Pistris;
570 978 705 1061 pedihus
721 978 808 1043 subit
821 979 920 1042 altera
935 978 1018 1062 signi
1122 996 1171 1048 890

176 1061 356 1126 Fundentis
370 1063 489 1127 latices
535 1063 598 1126 Est
613 1075 645 1128 et
660 1064 729 1127 sine
745 1064 865 1128 honore
882 1063 1011 1130 Corona

176 1147 265 1211 Ante
282 1147 459 1232 Sagittiferi
474 1149 606 1233 paulum
621 1150 763 1233 pernicia
776 1173 879 1214 crura.

220 1233 368 1318 Scorpios
380 1246 485 1298 erecta
497 1247 628 1318 torquet
643 1258 707 1320 qua
721 1236 843 1320 spicula
856 1235 968 1312 cauda,
1003 1239 1171 1276 mmm·

174 1318 369 1383 Turibulum
383 1321 522 1384 vicinum
538 1321 669 1384 Austris
683 1344 771 1385 sacro
785 1322 860 1405 igne
875 1320 996 1385 videbis

175 1404 353 1469 Arcturum
368 1417 498 1484 contra3
522 1406 577 1471 sed
594 1417 716 1490 quanto
730 1408 852 1472 tardius
865 1407 920 1471 ille
1122 1400 1169 1449 395

177 1489 343 1556 Oceanum
358 1515 470 1556 occasu
485 1493 600 1576 tangit,
616 1504 707 1557 tanto
722 1494 822 1576 magis
837 1504 933 1558 arctae

175 1576 326 1641 Turibuh'
340 1588 446 1642 metae.
491 1577 560 1642 Vix
576 1577 690 1642 caelum
705 1580 847 1663 suspicit,
864 1580 976 1664 etjam

176 1661 341 1747 Praecipiti
356 1674 461 1727 tractu
475 1665 571 1728 vastis
586 1664 767 1728 demittitur
781 1666 886 1730 undis

176 1747 285 1813 Multa
300 1749 389 1813 dedit
403 1760 519 1813 natura
533 1750 655 1814 homini
670 1760 740 1814 rata
754 1751 845 1834 signa
859 1750 980 1827 salutiS,

174 1833 422 1919 Venturamque
437 1835 521 1899 notis
535 1835 655 1900 cladem
671 1836 830 1920 depellere
845 1837 954 1901 suasit.
1121 1829 1169 1876 400

176 1918 269 1985 Inter
284 1930 371 1984 certa
385 1921 461 1985 licet
476 1943 624 1985 numeres
638 1923 699 1986 sub
715 1933 808 1986 nocte
823 1923 961 1986 cavenda

175 2005 385 2084 Turibulum3
410 2029 495 2083 nam,
511 2009 537 2071 si
550 2007 725 2071 sordebunt
740 2018 857 2072 caetera
872 2008 943 2072 caeli

177 2090 331 2156 Nubibus
346 2092 502 2168 obductis,
518 2093 574 2156 illo
589 2092 787 2178 splendente,
805 2095 929 2171 timet0‚

177 2176 229 2241 Ne
244 2200 355 2263 pacem
369 2178 475 2263 pelagi
490 2178 590 2242 solvat
602 2179 769 2243 violentior
784 2179 915 2244 Auster.

93 2306 96 2312 ·
175 2263 268 2327 Tune
282 2264 361 2327 mihi
376 2264 552 2349 spissentur
567 2265 738 2329 substricto
750 2288 869 2330 cornua
883 2266 953 2330 velo
1119 2261 1167 2308 405

175 2348 222 2413 Et
236 2350 330 2433 rigidi
345 2351 495 2414 emittant
510 2350 606 2414 flatus
620 2373 679 2436 per
692 2351 787 2415 inane
796 2351 963 2420 ¹rudentes.

176 2434 275 2501 Quod
290 2436 316 2498 si
332 2437 497 2520 deprensae
511 2437 653 2500 turbavit
665 2436 765 2500 lintea
779 2438 895 2522 puppis

175 2519 396 2607 Incubuitque
411 2522 484 2586 sinu
499 2522 585 2599 laxa,
601 2522 651 2586 vel
666 2523 821 2606 mergitur
838 2523 929 2587 undis

176 2605 284 2671 Prona
298 2609 387 2685 retia,
403 2608 574 2691 sorbetque
587 2608 753 2672 inimicum
769 2608 877 2673 Nerea
891 2629 994 2694 prora,

174 2691 238 2756 Vel
254 2693 281 2757 si
295 2693 439 2777 respexit
454 2705 595 2758 servator
609 2693 748 2778 Jupiter,
763 2717 847 2778 aegre
1120 2689 1169 2738 410

176 2777 300 2842 Ultima
313 2779 500 2863 persolvunt
510 2780 623 2864 jactati
639 2790 712 2844 vota
722 2780 832 2844 salutis
843 2806 851 2858 ;

176 2864 247 2928 Nec
257 2875 362 2929 metus
377 2876 453 2930 ante
467 2865 562 2950 fugit,
579 2888 676 2950 quam
691 2888 764 2950 pars
781 2865 935 2930 effulserit
950 2863 1045 2941 orbis,

178 2949 263 3016 Quae
280 2949 407 3015 Borean
421 2951 536 3016 caelum
551 2952 770 3036 spectantibus
784 2952 904 3016 indicet
918 2960 1036 3015 ortum.
1124 3020 1140 3048 N

219 3036 305 3100 Sunt
320 3037 416 3101 etiam
430 3037 565 3101 flammis
579 3038 744 3102 commissa
757 3038 909 3102 immania
921 3020 1168 3102 membranlht..

177 3120 343 3200 Centauri,
360 3123 463 3207 capite
479 3133 577 3208 atque
590 3123 714 3188 hirsuto
729 3134 857 3208 pectore
874 3135 907 3188 et
922 3123 991 3188 alvo
1120 3121 1169 3168 415

177 3208 297 3272 Subter
312 3209 483 3279 candentes
497 3209 660 3275 hominem
675 3210 842 3274 reddentia
857 3209 986 3274 Chelas:

176 3293 257 3358 Inde
272 3316 331 3378 per
352 3295 499 3378 ingentes
514 3305 626 3373 costas,
642 3317 700 3380 per
714 3319 817 3374 crura,
832 3319 891 3382 per
904 3317 1007 3360 armos

176 3378 328 3444 Nascitur
342 3380 463 3445 intacta
477 3382 603 3466 sonipes
618 3383 678 3445 suh
694 3381 840 3466 Virgine.
886 3382 1014 3446 Dextra

177 3464 244 3529 Seu
257 3466 399 3550 praedam
413 3489 431 3530 e
446 3467 531 3531 silvis
545 3477 654 3552 portat
668 3491 726 3533 seu
741 3469 824 3533 dona
838 3469 1029 3554 propinquae

177 3549 347 3616 Placatura
361 3552 448 3630 deos,
464 3553 568 3618 cultor
582 3553 603 3617 J
604 3553 680 3632 ovis,
693 3554 840 3620 admovet
856 3556 953 3619 Arae:
1122 3551 1170 3598 420

176 3636 241 3701 Hic
256 3638 318 3702 erit
332 3638 386 3701 ille
397 3638 470 3723 pius
487 3638 618 3717 Chiron,
630 3641 827 3725 justissimus
837 3663 949 3706 omnes

178 3723 270 3786 Inter
283 3724 460 3808 nubigenas
476 3737 510 3789 et
524 3726 632 3810 magni
647 3726 757 3791 doctor
772 3727 917 3792 Achillis.

178 3809 241 3873 Hic
256 3809 390 3874 humero
404 3811 546 3876 medium
560 3812 706 3876 scindens
720 3814 783 3878 iter
797 3813 926 3877 aetheris
940 3813 1008 3890 alti,

179 3895 213 3959 Si
229 3905 358 3959 tenuem
373 3897 474 3960 traxit
489 3899 608 3961 nubem
625 3898 796 3984 stellasque
811 3899 966 3977 recondit,

178 3981 260 4044 Toto
275 3981 376 4046 clarus
391 4004 476 4066 equo
490 3984 654 4049 uenientes
668 3986 800 4050 nuntiat
810 3986 927 4049 Euros
1123 3981 1171 4029 425

221 4066 291 4130 Nec
305 4067 416 4152 procul
431 4069 505 4133 hinc
522 4069 553 4133 H
557 4070 651 4156 ydros
667 4071 816 4149 trahitur,
832 4071 883 4135 cui
898 4069 998 4134 cauda
1013 4088 1150 4153 superne

835 4155 933 4202 [arona.
958 4161 1053 4196 caurum
1079 4157 1173 4190 corvus.
