2868 4848
471 545 613 584 scarane
626 545 814 585 scuwiarzu.
1092 529 1140 582 xiii

139 679 299 742 Quaesticnis
310 678 472 732 eruditonrm
483 678 516 732 de
535 676 700 743 Gennanioo,
712 677 734 730 si
752 693 842 747 aquas
854 675 965 760 reperim
975 675 1051 742 viros,
1063 675 1140 729 iacile

140 751 200 804 finis
211 751 322 802 inveniri
380 748 529 804 sevidctur.
556 748 727 802 Auctoritatis
736 749 806 800 euim
814 747 907 800 rishrc
919 746 1050 800 nullaeat
1077 745 1140 798 Nou

139 837 203 875 curo
222 821 306 890 igitur
350 817 458 873 izelium
473 821 502 872 in
522 817 791 872 animadversionibus
809 817 844 870 ad
864 817 980 870 Minucii
999 815 1141 870 Octavium

194 895 273 958 ,leq
284 905 371 959 neque
381 889 453 943 alios.
490 890 543 944 Sed
559 888 702 942 Nicolaum
723 887 866 942 Heinsium
878 903 963 958 operm
993 887 1089 942 retium
1101 893 1142 940 est

139 909 240 1028 iiiia,
252 961 339 1030 quiin
358 959 471 1013 notisnd
489 959 587 1014 Valerii
606 959 695 1012 Flacci
705 958 750 1012 lib.
763 959 779 1012 I
791 975 851 1029 pag.
866 961 952 1024 isac
973 905 1050 1012 istro
1071 957 1141 1010 Bur·

140 1049 239 1085 manno
250 1031 281 1084 C.
293 1030 326 1082 V.
338 1029 414 1084 editis
426 1031 463 1083 ita
473 1031 577 1084 scribit:
596 1029 774 1083 “Avunculus
794 1045 869 1082 meus
879 1028 898 1081 J
899 1045 923 1080 o.
943 1027 1102 1098 Rutgersiua
1113 1027 1141 1080 iu

140 1103 228 1154 Variis
246 1100 415 1154 Lectionibus
433 1117 587 1169 persuasum
607 1099 727 1166 habebat,
738 1097 896 1153 utcrederet
914 1099 1010 1152 Aratea
1030 1098 1142 1153 Caesaris

141 1171 302 1236 Germanici,
313 1187 373 1240 quae
385 1170 464 1224 etiam
473 1186 538 1224 num
545 1177 645 1237 exnnt,
659 1169 804 1224 Domitiani
815 1168 1067 1223 Gennaniciimtum
1079 1185 1143 1234 esoe,

141 1242 279 1296 nonillius
298 1240 449 1294 Germanici
467 1240 557 1294 Druso
576 1247 683 1310 parente
702 1240 767 1306 nati,
786 1241 831 1294 cui
841 1238 922 1294 fastos
934 1257 995 1294 suos
1013 1237 1144 1292 dedicavit

141 1312 224 1366 Naso.
261 1310 298 1364 Et
308 1327 372 1364 sane
383 1309 501 1364 recordor
511 1310 607 1364 vidisse
617 1327 660 1364 me
669 1309 782 1364 Lutetia
826 1317 974 1364 rvetustum
986 1311 1142 1364 Arateorum

142 1382 267 1447 codicem,
279 1383 326 1450 qui
344 1381 496 1434 Domitiano
514 1381 612 1434 Caesari
626 1382 722 1451 poema
731 1381 781 1434 illu
811 1380 961 1434 adserebat:
981 1380 1076 1434 utveri
1087 1396 1143 1433 cm-

142 1454 206 1506 nino
217 1452 301 1505 simile
312 1452 355 1518 sit,
365 1468 412 1521 pro
430 1451 583 1504 Domitiano
602 1449 790 1505 Germanicum
802 1452 835 1504 ob
846 1450 973 1504 invidiam
991 1449 1104 1504 nominis
1114 1450 1143 1503 in

143 1524 275 1594 plerisque
292 1521 486 1591 exemplaribus
503 1538 558 1574 esse
575 1520 725 1591 repositum.
761 1520 833 1574 Nam
845 1529 872 1576 et
889 1521 1059 1575 Domitianus
1077 1519 1143 1574 Ger-

142 1593 240 1646 manici
251 1599 456 1662 cognomentum
467 1591 517 1644 sibi
534 1591 685 1644 vindicabat
695 1591 839 1657 ambitiose,
850 1598 882 1644 ut
892 1608 926 1644 ex
934 1591 1071 1658 historicis,
1082 1607 1143 1661 poe-

143 1665 186 1730 tis,
197 1680 228 1716 ac
240 1663 329 1715 uumis
340 1661 458 1730 antiquis
468 1661 569 1730 liquido
580 1661 715 1744 apparet.”
743 1660 795 1714 Sed
806 1661 933 1714 librorum
951 1667 1069 1715 veterum
1079 1662 1144 1715 titu-

143 1734 321 1803 lisquantum
329 1732 455 1785 momenti
463 1732 533 1798 insit,
542 1731 605 1784 satis
613 1730 804 1784 interemditos
812 1738 921 1785 constat
958 1731 1065 1784 Invidia
1075 1738 1145 1785 recte

144 1809 386 1858 commemoratur:
406 1819 497 1856 verum
515 1819 546 1856 ea
563 1818 611 1855 nec
630 1801 741 1855 rationes
759 1803 889 1872 graviores
906 1801 1007 1869 evertit,
1025 1809 1052 1856 et
1069 1801 1144 1854 nobis

144 1875 224 1928 etiam
235 1871 312 1926 iavet
332 1873 360 1926 Si
371 1873 442 1925 enim
454 1872 624 1925 Domitianus
634 1879 727 1925 auctor
733 1871 826 1926 inisset
835 1872 959 1925 carminis
968 1871 1066 1942 hujus:
1085 1877 1144 1926 tum

145 1944 300 1998 lactantius
316 1943 434 2012 antejus
450 1943 616 2012 vituperandi
626 1959 679 1995 non
697 1943 902 2026 pratermisisset
917 1942 1079 2010 facultatem,
1098 1949 1147 1996 aut

144 2032 208 2069 eum
225 2014 328 2067 silentio
345 2013 516 2082 praeteriisset
553 2011 590 2066 Et
607 2013 678 2066 enim
689 2030 711 2066 sr
722 2014 755 2066 de
773 2013 862 2066 Diana
878 2015 912 2066 ab
930 2011 1028 2066 Orione
1044 2020 1146 2066 tentata

145 2093 201 2139 tam
212 2083 358 2137 verecunde
369 2083 512 2153 scripsisset
522 2083 700 2150 Domitianus,
711 2083 904 2154 impurissimus
914 2083 993 2138 homo
1005 2089 1031 2137 et
1041 2083 1147 2137 adulter

145 2155 359 2208 scelestissimus:
379 2161 478 2206 nonest
485 2153 707 2220 addubitandum,
719 2155 785 2224 quin
792 2153 905 2207 hominis
916 2153 1050 2208 simulatio
1061 2170 1146 2224 repre-

145 2226 228 2279 hensa
236 2231 310 2278 esset.
346 2223 409 2276 Non
418 2224 540 2276 convenit
547 2224 575 2276 in
583 2222 774 2294 Vespasianum
785 2223 943 2295 horoscopus
954 2225 1145 2294 Capricornus:

147 2311 234 2364 neque
244 2295 329 2364 magis
339 2294 374 2347 ad
384 2293 576 2363 Vespasianum
588 2311 668 2363 quam
680 2295 715 2348 ad
734 2296 888 2364 Augustum
899 2294 1012 2366 pertinet
1022 2294 1146 2349 allocutio

147 2365 331 2419 thnomenis
349 2365 451 2417 Arateis
469 2365 611 2435 praemissa.
647 2364 776 2419 Praeterea
794 2381 898 2418 carmen
916 2364 965 2418 hoc
982 2365 1148 2419 limatissima

147 2435 335 2503 reconditaque
351 2433 469 2488 doctrina
479 2433 588 2504 plenum
600 2442 646 2488 est
683 2435 763 2498 Quod
774 2435 881 2504 quidem
893 2434 974 2489 decus
984 2435 1013 2488 in
1033 2435 1147 2488 Domiti-

147 2521 244 2559 anone
265 2504 390 2574 suspicari
411 2503 519 2572 quidem
529 2504 598 2558 licet.
611 2521 682 2571 nam,
699 2513 731 2560 ut
750 2505 893 2559 Suetonius
903 2507 933 2558 in
944 2505 1002 2560 e'ns
1021 2507 1076 2559 vita
1086 2523 1108 2559 c.
1120 2509 1146 2559 2.

147 2582 267 2642 testatur,
286 2575 343 2644 jam
365 2573 509 2627 admodum
531 2574 681 2628 adolescens
702 2582 808 2629 tantum
830 2576 948 2646 aliquam
968 2577 995 2628 'u
1015 2575 1147 2630 amabat

144 2647 250 2718 poetica
260 2643 376 2698 studium
388 2654 441 2697 tom
452 2645 581 2698 iactatam
591 2655 666 2698 antec
675 2646 736 2712 sibi,
753 2663 831 2716 quam
845 2655 957 2718 spretum
971 2655 1058 2717 maten
1068 2656 1092 2700 ct
1102 2645 1147 2699 ab·

141 2717 250 2788 jectum.
287 2715 463 2768 Selectissima
482 2717 568 2783 verba,
585 2716 648 2769 ordo
668 2733 755 2770 rerum
767 2724 794 2770 et
811 2733 935 2771 vanuum
955 2717 1046 2769 melior
1065 2733 1147 2787 quam

147 2787 194 2840 ille
205 2785 288 2852 Arati,
306 2785 400 2838 notitia
411 2784 471 2838 coeli
488 2787 641 2852 accuratior,
653 2788 731 2840 anab
748 2787 854 2840 homine
870 2787 1046 2840 adolescentia
1063 2789 1148 2857 prima

148 2856 258 2910 infami*
276 2856 408 2925 expectari
427 2857 568 2924 potuerint,
580 2873 620 2910 res
630 2857 687 2926 ipsa
705 2857 809 2911 clamat.
846 2857 975 2920 Quamvis
992 2864 1081 2910 autem
1092 2859 1148 2928 ip‘se

150 2927 320 2980 Domitianus
332 2926 483 2980 Germanici
494 2943 589 2980 nomen
597 2926 741 2981 aiiectdrit:
754 2937 841 2981 tamen
849 2928 898 2981 hoc
907 2927 1149 2980 adcontroversiam

150 2997 215 3049 nihil
238 2996 340 3049 attinet.
378 2995 453 3049 Illud
473 2997 544 3048 enim
568 2997 703 3066 quaeritur,
723 3015 757 3050 an
777 2997 857 3067 vulgo
875 3005 902 3051 et
922 2999 1095 3051 communiter
1115 2999 1148 3050 ab

150 3067 273 3120 omnihus
289 3066 410 3119 omnium
428 3067 584 3120 saeculorum
604 3066 755 3121 hominihus
773 3068 856 3120 doctis
874 3068 1026 3121 Germanici
1042 3069 1148 3122 nomine

150 3137 292 3206 insignitus
304 3137 339 3189 sit
357 3136 535 3203 Domitianus,
547 3145 579 3191 ut
598 3137 752 3194 Lactantius
764 3155 817 3190 non
835 3139 917 3191 alium
930 3145 1046 3208 spectare
1057 3148 1150 3208 potue-

151 3209 210 3275 rit,†
222 3223 308 3276 quum
320 3205 471 3260 Germanici
482 3224 572 3260 versus
583 3209 682 3261 citaret
700 3209 810 3262 Certum
821 3216 860 3262 cst
870 3209 940 3262 enim
952 3214 1012 3278 post
1025 3210 1149 3264 Taciturn

151 3279 191 3331 vel
202 3294 238 3331 ex
248 3294 303 3330 uno
322 3277 456 3343 Suetonio,
474 3277 625 3330 Germanici
636 3295 732 3332 nomen
743 3279 778 3332 ad
789 3280 872 3349 ipsius
888 3296 973 3348 usque
984 3287 1089 3350 tempus
1101 3280 1150 3332 soli

152 3348 233 3402 Drusi
246 3347 301 3400 lilio
311 3348 437 3416 insignite
448 3346 529 3400 fuisse
545 3349 683 3401 tributum.
719 3347 815 3418 Neque
830 3350 908 3416 enirn,
921 3349 992 3419 quod
1010 3351 1150 3420 Augustus

168 3427 222 3471 cler
240 3425 356 3484 vocatur,
375 3418 519 3486 quicquam
537 3435 624 3472 causa
644 3419 733 3473 officit.
771 3419 888 3473 Etenim
906 3428 961 3474 tarn
980 3420 1033 3473 late
1053 3438 1149 3474 nomen

147 3437 198 3542 icc
210 3488 284 3571 apud
294 3496 384 3558 poetas
395 3496 474 3558 patet,
486 3495 518 3541 ut
527 3505 589 3542 avos
607 3489 817 3559 haudquaquam
833 3491 966 3544 excludat.
1002 3490 1068 3544 Erat
1079 3492 1150 3544 enim

148 3567 232 3682 ponta
250 3575 345 3611 nomen
364 3559 505 3628 saepissime
522 3557 634 3627 honoris,
646 3577 699 3612 non
717 3568 826 3614 naturae.
863 3560 943 3623 Quod
959 3563 1150 3632 antiquitatum

195 3629 442 3751 manarumffieffis
459 3630 652 3698 apertissimum
664 3638 710 3684 est
746 3631 825 3683 Astra
837 3630 944 3700 quidem
955 3642 1078 3699 ammam,
1090 3650 1150 3702 quae

153 3699 328 3752 Gennanicus
375 3700 438 3752 cubi
453 3706 588 3766 memorat,
600 3699 728 3754 dirimunt
739 3703 940 3755 controversiam
952 3719 1063 3756 omnem.
1099 3703 1118 3756 J
1120 3721 1150 3757 u-

151 3771 218 3823 lium
236 3770 370 3823 Caesarem
381 3770 452 3823 enim
463 3776 490 3824 et
507 3769 685 3825 Octavianum
703 3774 736 3824 ab
748 3788 777 3825 eo
789 3772 944 3844 adoptatum
956 3773 1004 3826 rite
1016 3790 1028 3825 s
1047 3780 1150 3827 ectant:

153 3840 187 3893 ad
204 3839 405 3912 Vespasianum,
424 3841 475 3893 nisi
486 3842 511 3892 vi
532 3840 656 3910 quadam,
667 3843 782 3912 torqueri
803 3860 856 3896 non
876 3851 994 3914 possunt.
1028 3791 1083 3896 ied
1094 3843 1152 3897 haec

152 3910 205 3964 fere
217 3909 326 3964 Barthio
338 3909 474 3978 debentur,
486 3929 565 3981 quern
577 3913 693 3967 veritatis
707 3913 826 3979 studiosi,
837 3930 889 3966 non
902 3913 1002 3979 dubito,
1014 3914 1080 3982 quin
1092 3912 1152 3967 dili-

154 3988 244 4050 genter
255 3980 404 4052 inspiciant.

179 4095 244 4140 ‘Vid
256 4099 371 4140 Suetonio
379 4099 424 4152 eius
434 4101 468 4141 vit
477 4110 496 4140 c.
505 4111 521 4142 r.
568 4102 642 4142 tlloeo
650 4103 739 4144 ratioest
747 4104 827 4144 Bartbii
837 4104 920 4144 advers
929 4104 964 4144 lib.
974 4104 1001 4143 X.
1015 4103 1149 4152 c.21‚p.498.
