2868 4848
613 577 761 624 ARATEA.

186 716 317 782 Dextro
332 739 471 803 namque
483 739 569 802 genu
584 718 683 784 nixus
698 717 885 803 diversaque
901 720 1035 786 tendens

184 802 333 882 Brachia,
348 803 536 890 suppliciter
550 804 649 889 passis
664 803 705 870 ad
720 804 852 870 numina
866 805 991 890 palmis,

186 889 229 955 Se
269 891 352 956 entis
367 891 464 975 capiti
477 890 549 975 figit
563 890 697 975 vestigia
710 889 799 958 laeva.

257 999 313 1040 um
327 976 404 1042 fessi
418 977 529 1042 subter
543 987 645 1042 costas
660 987 758 1062 atque
773 977 873 1042 ardua
887 987 978 1062 terga

185 1060 281 1128 Clara
295 1061 470 1128 Ariadnaeo
485 1073 606 1128 sacrata
621 1073 671 1128 est
685 1064 759 1147 igne
775 1062 921 1130 Corona:

146 1179 147 1182 ¹
185 1148 286 1213 Hunc
300 1149 348 1213 illi
363 1148 508 1214 Bacchus
522 1148 654 1214 thalami
668 1171 791 1215 memor
805 1149 893 1214 addit
908 1149 1071 1218 honorem.

184 1234 291 1319 Terga
305 1236 412 1300 nitent
426 1235 544 1300 stellis:
569 1245 612 1312 at,
637 1257 701 1320 qua
716 1258 749 1300 se
763 1236 880 1300 vertice
896 1235 991 1315 tollit,
1037 1245 1171 1280 ΜΝ·

187 1319 353 1386 Succiduis
368 1320 503 1405 genibus
514 1321 634 1386 lassum
649 1330 683 1386 et
697 1321 877 1387 miserabile
892 1322 990 1400 sidus,

187 1405 260 1471 Hac
276 1406 467 1493 Ophiuchus
481 1407 553 1472 erit.
599 1405 712 1491 Longe
727 1417 825 1493 caput
839 1417 915 1473 ante
929 1410 1056 1476 notabis
1148 1411 1178 1462 ⁷⁵

185 1492 233 1557 Et
247 1505 352 1558 vastos
366 1493 533 1572 humeros;
557 1502 626 1558 tum
642 1505 748 1558 cetera
762 1493 906 1560 membra
921 1507 1114 1580 sequuntur.

190 1577 261 1648 Illis
275 1579 409 1664 languet
420 1579 542 1659 hon0s3
564 1579 707 1644 humeris
722 1590 831 1645 manet
845 1580 970 1666 integer
984 1583 1089 1662 ardor,

187 1663 284 1730 Luna
298 1665 395 1730 etiam
409 1665 505 1751 pleno
519 1681 661 1730 mensem
677 1687 778 1751 quum
793 1665 905 1732 dividit
918 1667 1007 1734 orbe.
1087 1677 1180 1710 *ΝΜ*

188 1750 266 1815 Lux
279 1752 387 1817 tenuis
402 1751 560 1830 manibus,
575 1774 637 1836 per
648 1774 727 1836 quas
741 1753 880 1818 elabitur
894 1751 1033 1838 Anguis,

187 1835 320 1902 Pressus
334 1847 472 1923 utraque
486 1860 596 1916 manu,
612 1838 754 1903 medium
770 1839 900 1923 cingens
916 1837 1133 1924 Ophiuchum.
1147 1843 1179 1890 8⁰

189 1921 337 2010 Scorpios
351 1925 416 1988 ima
429 1924 549 2009 pedum
564 1925 679 2008 tangit,
695 1925 750 1989 sed
764 1924 875 2010 planta
889 1925 1017 1992 sinistra
1064 1935 1180 1968 ’ΜΝ

189 2009 230 2073 In
244 2020 336 2094 tergo
350 2010 481 2089 residet,
496 2009 630 2094 vestigia
645 2010 779 2074 dextera
791 2011 944 2094 pendent.

187 2093 299 2180 Impar
314 2105 362 2160 est
376 2097 524 2172 manibus
537 2096 677 2181 pondus;
700 2119 774 2162 uam
787 2096 922 2162 dextera
935 2120 1065 2184 parvam

189 2179 319 2246 Partem
335 2183 450 2267 anguis
464 2182 593 2260 retinet,
609 2204 667 2268 per
680 2183 792 2248 laevam
807 2183 965 2250 attollitur
976 2184 1088 2263 omnis,

189 2266 424 2353 Quantumque
439 2269 480 2334 ab
494 2269 575 2334 laeva
589 2268 740 2334 distantia
756 2269 850 2334 Serta
863 2279 1029 2350 notantur,
1151 2273 1181 2320 ⁸5

190 2353 337 2438 Erigitur
348 2364 475 2420 tantum
492 2354 633 2440 Serpens
649 2365 746 2440 atque
762 2355 875 2420 ultima
885 2366 995 2422 mento

191 2439 291 2504 Stella
306 2440 365 2505 sub
381 2441 513 2506 aetheria
528 2441 631 2524 fulget
645 2442 760 2506 crinita
773 2441 916 2506 Corona:

190 2525 239 2590 At
254 2548 365 2610 quase
381 2527 473 2592 dorso
488 2527 630 2592 sinuabit
645 2527 786 2593 lubricus
801 2526 939 2612 Anguis,

191 2610 321 2696 Insigni⁴
330 2613 444 2678 caelum
458 2613 655 2698 perfundant
667 2613 789 2678 lumine
804 2611 927 2680 Chelae.

233 2697 342 2783 Ipsam
358 2698 494 2764 Helicen
506 2701 653 2785 sequitur
668 2700 773 2765 senior
786 2700 965 2786 baculoque
980 2701 1133 2780 minatur,
1151 2703 1182 2751 9⁰

192 2782 265 2849 Sive
279 2785 333 2849 ille
349 2785 574 2870 Arctophylax
589 2809 646 2850 seu
663 2786 781 2851 Bacchi
795 2787 836 2851 ob
851 2809 986 2852 munera
1000 2809 1101 2852 caesus

191 2868 302 2935 Icarus
316 2881 458 2956 ereptam
473 2873 621 2956 pensavit
635 2872 738 2937 sidere
752 2872 860 2940 vitam.
999 2875 1182 2922 [merorum.

190 2955 268 3020 Non
281 2956 329 3021 illi
343 2958 514 3022 obscurum
529 2967 626 3042 caput
641 2968 700 3036 est,
715 2979 780 3024 non
795 2959 900 3024 tristia
913 2958 1073 3038 membra3

191 3041 256 3107 Sed
269 3043 399 3128 proprio
413 3052 522 3108 tamen
536 3066 601 3108 una
611 3044 708 3109 micat
722 3045 782 3109 sub
796 3045 925 3109 nomine
940 3045 1079 3122 flamma,

190 3127 369 3200 Arcturum
383 3129 506 3207 dixere,
521 3130 609 3194 sinus
624 3152 689 3215 qna
702 3130 828 3196 vincula
842 3131 973 3196 nudant.
1152 3133 1182 3180 95

231 3213 377 3300 Virginis
391 3215 466 3280 inde
481 3215 592 3281 subest
605 3216 713 3296 facies,
728 3217 781 3282 cui
794 3217 891 3302 plena
904 3217 1032 3282 sinistra
1105 3225 1182 3255 ''''''

190 3299 310 3385 Fulget
324 3301 409 3386 spica
423 3324 520 3366 manu
535 3303 733 3388 maturisque
748 3303 839 3368 ardet
853 3303 967 3370 aristis.

191 3386 299 3454 Quam
313 3397 358 3466 te,
375 3386 456 3466 diva,
471 3389 602 3455 vocem?
625 3388 780 3473 Tangunt
794 3390 978 3455 mortaliasi
993 3401 1026 3454 te

191 3473 341 3538 Carmina
355 3497 414 3538 nec
429 3474 557 3540 surdam
572 3476 697 3561 praebes
711 3476 939 3541 venerantibus
953 3499 1073 3554 aurem,

189 3559 302 3625 Exosa
314 3560 397 3625 heu!
421 3561 555 3625 mortale
567 3584 679 3646 genus,
694 3561 800 3626 medio
815 3562 895 3626 mihi
909 3585 1005 3628 cursu
1136 3564 1182 3609 ¹⁰⁰

190 3645 333 3712 Stabunt
347 3647 581 3732 quadrupedes,
598 3659 632 3713 et
645 3648 739 3713 flexis
753 3649 849 3713 laetus
864 3649 997 3715 habenis

189 3732 303 3818 Teque
318 3743 475 3819 tuumque
486 3756 597 3798 canam
612 3735 706 3798 terris
717 3735 896 3800 venerabile
908 3757 1041 3800 numen.

231 3821 344 3884 Aurea
356 3820 462 3905 pacati
475 3843 601 3906 regeres
614 3842 715 3905 quum
730 3820 836 3886 secula
849 3822 972 3900 mundi,
1071 3893 1076 3900 ,

189 3903 210 3970 J
215 3904 325 3971 ustitia
339 3905 491 3972 inviolata
505 3906 608 3986 malis,
624 3907 835 3993 placidissima
846 3908 946 3993 virgo,

192 3990 265 4057 Sive
278 3991 333 4056 illa
349 3992 470 4058 Astraei
485 4015 587 4078 genus
602 4017 646 4071 es,
663 4016 759 4079 quem
774 3993 859 4059 fama
873 4003 1040 4079 parentem
1138 3993 1183 4040 ¹⁰5

190 4077 336 4144 Tradidit
351 4089 519 4157 astrorum,
537 4103 594 4144 seu
609 4103 682 4144 vera
697 4079 859 4145 intercidit
875 4103 941 4145 aevo
