2868 4848
605 623 760 669 scuocrr.
1140 601 1183 668 39

185 763 339 850 nymphae
360 774 522 829 vocantur.
569 763 656 830 Quae
675 787 749 829 cum
762 787 782 828 a
797 762 947 847 Lycurgo
968 762 1184 846 captivitatem

185 852 348 928 timentes,
364 850 514 934 fugerent
529 849 667 927 Thebas,
686 873 726 913 ne
743 850 804 914 sibi
820 873 838 913 a
854 849 875 912 J
877 870 983 913 unone
998 848 1121 932 aliquid
1129 871 1186 934 pa-

186 948 342 1014 terentur,
353 935 481 1020 Jupiter
490 936 568 1000 caelo
578 935 681 1000 illatas
691 935 1031 1012 sideribusbonoravit,
1039 934 1185 1020 Hyades-

187 1045 250 1108 que
266 1023 448 1107 appellavit,
466 1022 552 1105 quod
564 1033 713 1086 nascente
730 1020 848 1086 Libero
859 1043 911 1084 eas
923 1021 1092 1098 invenerit,
1105 1043 1184 1106 quas

185 1109 222 1171 in
238 1109 366 1192 signum
381 1108 534 1191 temporis
550 1108 678 1192 posuit3
701 1108 751 1171 vel
766 1108 852 1193 quod
868 1107 932 1170 sint
940 1105 1111 1190 pluviales:
1127 1105 1185 1168 ὕειν

186 1195 275 1258 enim
290 1195 401 1278 pluere
417 1205 477 1271 est,
493 1193 570 1278 quia
584 1215 693 1258 earum
710 1204 799 1257 ortus
814 1193 932 1256 imbres
952 1192 1110 1258 concitat:
1134 1193 1184 1258 vel

187 1281 266 1364 quia
279 1280 314 1343 in
329 1281 459 1345 modum
474 1279 507 1343 Y
522 1277 625 1343 literae
639 1280 753 1364 positae
765 1289 850 1344 sunt.
896 1277 1043 1343 Musaeus
1068 1290 1102 1343 et
1124 1279 1186 1343 ista

187 1365 307 1430 refert:
331 1365 387 1429 Ex
412 1365 548 1430 Atlante
569 1377 602 1429 et
623 1365 701 1450 Hya
729 1365 895 1429 duodecim
914 1364 991 1428 filiae
1009 1376 1185 1449 procreatae

188 1462 277 1529 sunt,
293 1463 327 1515 et
341 1451 425 1516 iilius
441 1451 544 1536 Hyas,
562 1452 749 1537 quemdum
765 1452 806 1515 ab
821 1473 898 1535 apro
912 1451 963 1514 vel
979 1450 1089 1514 Leone
1105 1451 1185 1515 ocei-

189 1560 260 1601 sum
275 1560 398 1601 sorores
413 1559 524 1601 omnes
539 1537 634 1601 nimis
650 1537 820 1620 diligentes
834 1537 960 1613 flerent,
977 1537 1142 1614 obierunt;
1167 1559 1185 1600 e

190 1624 308 1708 quibus
324 1623 467 1708 quinque
483 1623 590 1687 stellas
605 1624 757 1706 figuratas
775 1621 907 1706 Hyades
922 1622 1162 1706 appellaverunt
1176 1649 1184 1701 3

189 1720 315 1794 septem
331 1720 451 1787 autem,
464 1709 621 1775 Pleiades.
667 1707 821 1793 Myrtilus
833 1719 940 1772 autern
953 1709 1097 1794 quinque
1105 1708 1186 1772 filias

191 1794 305 1858 Cadmi
314 1816 381 1858 esse
391 1795 485 1859 dixit.
531 1794 643 1860 Habet
652 1806 760 1859 autem
770 1793 896 1858 Taurus
907 1793 1024 1871 stellas,
1036 1795 1072 1857 in
1082 1795 1185 1879 capite

189 1880 346 1966 quinque,
369 1903 443 1966 quae
463 1880 597 1965 Hyades
618 1880 837 1965 appellantur:
860 1880 894 1943 id
915 1880 1017 1944 estin
1037 1881 1186 1944 cornibus

190 1966 325 2050 singulis
341 1966 491 2050 singulas,
506 1967 540 2030 in
555 1965 661 2030 fronte
677 1967 768 2044 duas,
788 1968 823 2029 in
841 1966 972 2030 naribus
993 1988 1110 2030 unam:
1133 1967 1186 2030 hae

189 2062 267 2116 sunt
283 2050 415 2136 Hyades
427 2077 435 2129 3
458 2053 492 2117 in
508 2052 640 2136 singulis
655 2052 790 2136 genibus
802 2052 954 2136 singulas,
966 2052 1000 2115 in
1013 2074 1121 2136 ungue
1131 2075 1187 2117 an-

191 2137 308 2201 teriore
319 2138 409 2215 duas,
421 2139 456 2201 in
470 2138 651 2222 palearibus
667 2139 755 2214 duas,
777 2137 811 2200 in
825 2138 906 2202 collo
922 2161 1028 2215 unam,
1044 2139 1079 2202 in
1094 2138 1187 2210 dorso

191 2234 267 2300 tres,
285 2247 303 2286 e
319 2225 436 2308 quibus
450 2224 620 2288 novissima
635 2224 800 2308 splendida
814 2235 882 2301 est3
906 2226 940 2288 in
955 2236 1065 2287 ventre
1083 2224 1189 2308 splen·

191 2309 299 2373 didam
323 2331 431 2387 unam,
455 2311 490 2373 in
510 2322 638 2394 pectore
657 2332 764 2386 unam,
787 2309 822 2373 in
842 2310 928 2394 palla
947 2332 1055 2374 unam.
1101 2310 1188 2376 Sunt

191 2417 304 2458 omnes
319 2394 450 2460 XVIII
466 2397 506 2460 ab
522 2396 683 2460 excisione
698 2395 797 2459 Tauri
812 2415 914 2480 usque
930 2397 969 2460 ad
978 2396 1013 2459 id
1021 2396 1107 2481 quod
1116 2419 1188 2481 sep·

191 2493 258 2545 tem
269 2480 370 2544 stellae
380 2493 466 2559 sunt,
478 2504 556 2567 quas
566 2482 697 2565 quidam
708 2481 834 2544 Pliades
846 2482 896 2545 vel
909 2481 1055 2545 Pleiades
1066 2482 1189 2562 dicunt,

193 2588 267 2652 quae
282 2589 346 2630 non
358 2567 508 2631 videntur
528 2568 633 2646 simul,
655 2591 693 2631 eo
714 2567 800 2652 quod
820 2568 955 2652 septima
975 2569 1110 2632 obscura
1136 2567 1187 2633 sit.

238 2652 387 2736 Cepheus
401 2653 436 2716 in
451 2654 560 2717 ordine
575 2664 691 2739 quarto
705 2654 774 2717 loco
789 2654 913 2738 positus
926 2665 984 2730 est,
998 2676 1095 2738 quem
1109 2653 1189 2737 Sep-

193 2739 394 2803 tentrionalis
409 2739 545 2803 circulus
559 2751 704 2824 occupat,
721 2740 885 2824 apedibus
894 2761 997 2824 usque
1009 2739 1048 2803 ad
1059 2749 1187 2823 pectus3

192 2823 338 2909 reliquus
364 2826 487 2889 medius
511 2835 560 2889 est
584 2824 733 2902 Arcturo,
762 2825 888 2888 AEstivo
913 2826 1035 2910 tropico
1059 2825 1187 2889 circulo

194 2909 273 2975 Fuit
288 2932 374 2994 ergo,
390 2911 473 2975 sicut
487 2909 660 2995 Euripides
675 2911 794 2989 scribit,
812 2909 1002 2996 AEthiopum
1023 2933 1093 2988 rex,
1119 2910 1190 2975 An-

193 2996 354 3060 dromedae
365 3007 467 3081 pater,
484 2997 540 3082 qui
554 2997 653 3060 filiam
669 3020 758 3060 suam
775 2998 814 3061 ad
830 3009 935 3061 cetum
948 2998 1190 3081 diciturexpos-

194 3082 291 3159 uisse,
308 3105 405 3167 quam
422 3081 558 3147 Perseus
573 3083 720 3160 salvavit;
744 3085 879 3168 ejusque
894 3105 990 3147 causa
1004 3095 1038 3148 et
1051 3084 1119 3167 ipse
1134 3106 1190 3168 pa·

194 3178 246 3232 ter
260 3169 415 3233 beneficio
431 3167 589 3233 Minervae
603 3168 645 3233 sit
660 3169 752 3233 astris
765 3169 884 3233 illatus.
930 3168 1043 3233 Habet
1059 3169 1190 3253 quidem

194 3253 313 3332 stellas,
332 3254 368 3317 in
391 3255 494 3340 capite
518 3255 699 3339 splendidas
719 3256 808 3332 duas,
834 3255 869 3318 in
890 3255 1025 3340 singulis
1047 3255 1190 3318 humeris

195 3340 347 3423 singulas,
362 3340 397 3404 in
412 3340 544 3424 singulis
557 3342 704 3405 manibus
720 3341 861 3424 singulas
870 3341 980 3419 claras,
1001 3341 1036 3405 in
1056 3341 1189 3424 singulis

195 3426 312 3490 cubitis
327 3427 475 3492 obscuras
491 3426 686 3510 singulas,in
702 3449 783 3491 zona
793 3439 857 3491 tres
867 3428 1057 3512 obliquatas,
1066 3428 1100 3490 in
1111 3428 1190 3492 dex-

194 3522 245 3576 tra
259 3533 342 3575 coxa
352 3534 462 3590 unam,
477 3513 512 3575 in
528 3513 655 3577 sinistro
671 3535 756 3597 genu
772 3513 861 3590 duas,
878 3537 975 3598 supra
993 3514 1090 3598 pedes
1111 3535 1190 3599 qua-

195 3607 281 3674 tuor,
296 3598 331 3661 in
346 3597 461 3661 ultimo
476 3598 557 3682 pede
574 3621 681 3664 unam.
727 3597 812 3663 Sunt
827 3621 936 3663 omnes
952 3599 1058 3664 XIX.

241 3682 555 3768 Cassiepeiainterea
566 3683 616 3766 (ut
625 3683 1189 3770 refertSoplroclescarminumvates)
1210 3683 1216 3686 ’

196 3767 313 3832 dicitur
327 3769 538 3853 praeposuisse
552 3770 686 3835 formam
701 3793 789 3835 suam
806 3769 1010 3849 Nereidibus,
1030 3772 1072 3835 ob
1093 3793 1189 3856 quam

195 3875 264 3917 rem
272 3854 319 3918 ira
331 3855 479 3939 Neptuni
492 3856 572 3920 Ceto
584 3857 767 3921 transmisso
777 3858 962 3922 vastabatur
970 3879 1079 3922 eorum
1090 3869 1188 3934 terra;

196 3940 499 4025 expostulatamque
511 3940 738 4006 Andromeden
756 3954 789 4007 et
810 3940 893 4008 Ceto
912 3943 1124 4027 propositam3
1147 3942 1189 4005 ob

197 4047 295 4110 quam
309 4049 377 4090 rem
389 4026 484 4110 longe
494 4028 623 4092 habitus
638 4051 747 4093 eorum
760 4028 901 4092 diversus
913 4040 970 4094 est.
1016 4028 1069 4093 Ita
1080 4038 1187 4092 autern

195 4121 263 4178 est:
289 4111 471 4198 Cassiepeia
485 4113 519 4177 in
535 4115 611 4178 sella
626 4116 738 4179 sedens
759 4114 858 4180 habet
881 4115 915 4178 in
938 4115 1042 4199 capite
1060 4107 1190 4178 'stellam
