2902 4838
242 520 290 569 xcii
697 535 775 570 sora:

242 658 325 720 potius
342 656 475 708 tribuerim.
518 657 639 708 Praeterea
647 658 674 708 in
685 657 763 709 Anth.
780 659 924 721 Burmanni,
939 657 983 708 lib.
996 659 1028 710 V.
1038 660 1078 720 51,
1096 657 1236 726 Rropacsti-

242 739 323 772 corase
342 723 481 772 Germanici
500 723 662 788 firmentum
679 724 777 788 legitor,
798 726 871 788 quod,
890 741 948 774 cum
964 725 994 774 sb
1015 725 1107 774 Orellio
1117 726 1148 774 V.
1160 728 1188 775 C.
1208 728 1236 774 in

242 789 347 838 editione
358 789 455 838 Phadri
466 789 647 838 etAratecrum
656 789 724 838 illius
742 797 819 852 postte
837 805 914 853 nuper
934 805 1050 839 unacum
1067 791 1153 840 ceteris
1169 793 1234 854 frag-

242 854 332 903 mentis
350 854 505 918 expoliretur,
522 853 609 902 lubens
619 854 704 904 omisi:
722 853 957 918 (etittPrssatione)
973 856 1107 914 Dubitatur¹
1123 857 1153 904 de
1169 857 1234 906 anti-

242 919 334 982 quitate
344 918 636 968 onmium-Maras.

276 985 297 1034 1.
314 984 411 1034 Martia
423 983 565 1048 Propesies]
578 984 606 1032 ld
618 990 655 1033 est
663 982 709 1032 Vir
719 983 796 1044 sortis,
807 983 928 1034 bellicosis
939 992 990 1034 crte
1000 985 1141 1049 majoribus.
1175 985 1201 1034 N
1203 1001 1233 1035 on

242 1049 308 1098 enim
319 1049 400 1112 stirpis
412 1049 458 1098 tuit
470 1050 557 1098 Martis
568 1049 630 1098 Dei:
647 1049 690 1098 sed
700 1049 768 1097 ioris
780 1055 804 1098 et
816 1049 928 1108 Electrae,
947 1050 986 1100 vel
997 1057 1024 1098 ut
1033 1051 1106 1100 altius
1117 1051 1233 1100 ascenda-

241 1127 305 1172 mus,
323 1114 421 1163 Saturni
431 1122 456 1163 et
467 1115 555 1178 Japeti.
586 1112 645 1163 Vid.
657 1114 772 1177 Apollod.
789 1114 843 1162 111.
854 1130 876 1164 c.
889 1117 928 1173 11,
946 1122 971 1164 et
983 1116 1075 1164 Conon.
1092 1123 1182 1166 narrat.
1193 1118 1233 1166 21.

240 1177 343 1242 Hector]
356 1179 447 1228 Priami
457 1179 531 1238 tilius,
543 1179 619 1242 Regis
630 1179 711 1228 ultimi
721 1179 890 1242 Trojanorum.
922 1179 984 1228 Vide
995 1180 1140 1240 Homerum,
1151 1181 1233 1244 Virgi-

240 1241 311 1302 lium,
328 1243 376 1292 Dic
404 1259 429 1304 n,
441 1245 566 1305 Daretem,
578 1244 688 1293 Pentadii
699 1245 823 1293 tumulum
834 1245 948 1294 Hectoris
958 1246 984 1293 in
995 1245 1111 1308 Scaliger-i
1124 1246 1233 1296 Poemat.

241 1307 310 1356 Poet.
322 1309 376 1358 Lat.
412 1317 442 1358 et.
454 1325 477 1373 p.
491 1309 817 1359 178.-scH.-Marrta
823 1309 957 1374 prumam]
970 1310 1010 1358 Ex
1020 1311 1106 1358 Graeco
1115 1310 1234 1360 Hadriani

241 1372 305 1437 Imp.
317 1374 383 1437 quod
393 1381 471 1423 exstat
489 1374 563 1423 Libro
575 1375 613 1423 11.
634 1374 766 1438 Antholog.
784 1390 834 1422 uno
854 1375 956 1424 disticho
974 1376 1064 1435 minua,
1083 1391 1127 1423 seu
1145 1377 1232 1424 veteris

240 1437 310 1496 illud,
322 1454 366 1488 seu
376 1439 516 1487 recentioris
527 1439 559 1488 ait
568 1440 713 1504 interpretis.
747 1439 884 1497 Pisaurus,
902 1441 944 1503 qui
954 1440 1027 1489 edidit
1039 1441 1095 1488 Lib.
1108 1440 1146 1488 11.
1175 1477 1180 1489 .
1192 1444 1231 1501 19,

241 1518 255 1552 s
267 1503 354 1552 Graeco
366 1503 484 1552 Hadriani
495 1520 547 1552 esse
559 1504 627 1554 libris
634 1505 707 1554 etiam
719 1504 769 1554 suis
777 1505 921 1553 adnotirant
931 1505 1064 1554 Scriverius
1076 1512 1100 1553 et
1110 1506 1144 1554 N.
1180 1507 1232 1554 ein-

240 1567 300 1616 sius.
334 1569 381 1617 Sed
392 1569 483 1632 legitur
496 1570 522 1617 in
534 1569 587 1618 Lib.
601 1570 622 1618 1.
635 1586 689 1634 pag.
702 1570 742 1628 98,
764 1570 800 1618 ed.
812 1569 895 1632 Steph.
907 1577 932 1618 et
947 1578 1054 1618 meretur
1064 1570 1104 1618 hic
1115 1571 1232 1620 adscribi:

240 1635 412 1684 ΑΔΡΙΑΝΟΥ
423 1637 600 1694 Kaisaros,
610 1633 633 1682 oi
640 1633 665 1683 tt
675 1637 904 1694 PRPMANIKOV,
916 1633 952 1692 ἔις
963 1633 1067 1700 Τροίαν.
1073 1631 1176 1700 Ἕκτορ,
1186 1639 1232 1685 dcc.

176 1741 183 1756 ,
240 1700 305 1762 qood
315 1700 420 1763 explicat
431 1707 456 1748 et
466 1699 562 1749 Latinis
573 1701 681 1749 versibus
691 1701 861 1763 interpretatur
868 1700 980 1749 Vincent.
990 1702 1133 1764 Obsopaeus,
1143 1717 1167 1763 p.
1177 1704 1232 1758 115,

240 1765 298 1813 edit.
315 1765 426 1814 Wecbel.
444 1765 635 1829 pulcherrimum
654 1766 729 1828 igitur
744 1765 790 1813 hoc
808 1765 858 1814 siva
879 1765 1027 1823 Germanici,
1046 1766 1096 1814 sive
1114 1766 1233 1815 Hadriani

241 1829 345 1878 Caesaris
355 1837 542 1879 monumentum
553 1838 603 1879 est:
617 1837 717 1894 uterque
729 1831 795 1878 enim
805 1837 893 1894 praeter
903 1831 962 1881 alios
974 1831 1047 1879 studii
1059 1830 1148 1897 poetici
1159 1831 1232 1879 ioetus

240 1894 314 1943 etiam
331 1895 515 1958 Epigrammata
531 1895 636 1958 plurima
653 1896 808 1958 scripserunt.
842 1896 988 1944 Germanico
1004 1904 1068 1944 carte
1084 1895 1131 1944 hoc
1148 1897 1233 1945 tribuit

239 1959 364 2020 Barthius,
381 1960 437 2009 Lib.
449 1959 545 2008 XLIX.
562 1960 624 2008 Adv.
636 1975 656 2009 c
671 1961 709 2019 17,
726 1961 771 2008 sub
787 1959 854 2008 iilius
866 1960 952 2008 saltem
963 1962 1062 2008 nomine
1072 1961 1191 2009 nonnulla
1206 1962 1232 2010 in

239 2023 279 2072 his
296 2025 475 2074 Cataleotorum
487 2025 670 2074 collectionibus
681 2025 811 2076 habentur.
829 2033 857 2073 ut
867 2024 937 2085 illud,
951 2024 1026 2074 Parce
1037 2025 1119 2088 bospes
1129 2027 1228 2087 comato,

241 2090 286 2138 dte.
303 2089 359 2139 Lib.
370 2089 423 2140 ΙΙΙ.
441 2105 464 2154 p.
478 2090 519 2148 97,
535 2091 600 2153 apud
611 2091 745 2139 Pithoeum.
765 2097 818 2138 tum
830 2090 928 2153 elegans
945 2091 1104 2154 Epigramma
1116 2090 1145 2138 de
1156 2106 1232 2154 puero

240 2154 341 2212 Thrace,
360 2154 419 2205 ibid.
431 2171 485 2218 pag.
499 2157 552 2204 105.
586 2155 704 2204 Hadriani
718 2170 809 2212 versus,
828 2155 916 2218 quibus
937 2155 1008 2204 Floro
1025 2155 1162 2218 respondet,
1179 2157 1231 2204 noti

239 2219 314 2267 etiam
325 2226 390 2280 sunt,
402 2227 430 2268 ut
442 2229 466 2268 et
476 2220 521 2280 illi,
533 2220 621 2284 quibus
631 2221 738 2269 animam
750 2236 820 2270 suam
829 2221 902 2269 morti
913 2221 1007 2269 ricinus
1017 2220 1161 2283 adloquitur,
1170 2236 1231 2284 quos

240 2299 271 2332 ex
283 2284 409 2347 Spartiano
421 2285 539 2344 Pithoeus,
549 2285 605 2334 Lib.
616 2285 661 2336 IV.
679 2285 764 2348 Epigr.
776 2293 822 2334 vet.
833 2301 888 2350 pag.
899 2287 954 2344 las,
970 2286 1079 2333 inseruit.
1115 2286 1146 2333 Ei
1157 2286 1231 2334 etiam

240 2350 354 2398 tribuitur
364 2351 560 2399 anacreonticum
570 2351 631 2398 illud
642 2351 668 2400 in
676 2366 767 2414 equum
779 2351 957 2410 Boristhenem,
969 2351 1033 2414 quod
1040 2350 1166 2400 subfinem
1176 2351 1231 2399 libri

239 2416 304 2463 tertii
314 2415 379 2463 idem
391 2415 465 2464 edidit
475 2415 594 2474 Pithoeus,
605 2416 653 2463 nisi
663 2416 688 2463 id
696 2416 782 2463 Graece
790 2416 820 2464 ab
829 2431 857 2464 ec
868 2417 1030 2478 compositum
1038 2423 1064 2464 et
1074 2431 1088 2463 a
1098 2417 1230 2464 recentiore

239 2495 336 2529 versum
351 2481 390 2538 sit,
402 2487 431 2528 ut
441 2481 543 2544 putabat
552 2481 662 2539 Vossius,
673 2481 793 2544 quomodo
804 2488 829 2529 et
839 2481 912 2544 hujus
924 2481 1115 2545 Epigrammatis
1126 2479 1153 2528 in
1164 2481 1230 2528 Hec-

240 2551 317 2593 torem
330 2545 417 2594 Latina
428 2546 509 2593 forsan
528 2544 653 2593 Hadriano
670 2545 790 2594 recentior
809 2552 846 2594 est
863 2546 1027 2608 interpretatio
1039 2545 1069 2592 de
1082 2545 1168 2594 Graeco
1178 2547 1231 2608 ejus

239 2610 354 2670 carmine,
365 2617 394 2659 ut
405 2610 517 2658 censebat
530 2611 649 2659 Pithoeus.
683 2611 723 2658 Ita
734 2617 758 2658 et
769 2611 888 2659 Hadriani
899 2611 1058 2674 Epitaphium
1069 2611 1095 2658 in
1108 2610 1231 2658 tumulum

238 2675 341 2724 Voconii
363 2680 483 2724 memorat
499 2675 619 2738 Apuleius
635 2675 662 2723 in
684 2675 789 2738 Apolog.
804 2691 828 2738 p.
843 2676 881 2734 1³,
900 2677 937 2724 ad.
956 2676 1019 2724 Pric.
1038 2690 1143 2737 eumque
1158 2676 1232 2723 etiam

238 2740 330 2789 multos
341 2741 459 2789 liberioris
470 2741 606 2803 argumenti
625 2756 710 2789 versus
728 2741 815 2790 lusisse
834 2741 924 2788 ibidem
941 2747 1050 2789 testetur.
1069 2740 1134 2803 quod
1152 2741 1233 2788 firmat

240 2805 382 2870 Spartianus
392 2806 418 2854 in
430 2806 507 2854 Hadr.
518 2820 572 2867 cap.
587 2808 625 2854 11.
659 2808 717 2853 ruit
727 2808 789 2853 enim
803 2807 939 2868 poematum
955 2812 977 2854 et
994 2807 1116 2852 literarum
1127 2809 1232 2854 omnium

239 2871 428 2928 studiosissimus,
440 2871 599 2928 arithmetica,
610 2873 853 2933 pemmapicturae
861 2873 1025 2934 peritissimus.
1048 2870 1106 2918 Jcm
1115 2872 1234 2931 psallendi

239 2941 263 2984 et
273 2937 385 2984 cunmadi
396 2940 518 2984 acirrttiam
527 2952 578 2999 pra
588 2952 612 2984 se
623 2936 736 2998 ferebat:
752 2938 778 2982 ist
797 2936 955 2998 voluptatibus
964 2937 1059 2983 nimius.
1093 2935 1160 2982 Num
1169 2941 1191 2982 et
1203 2935 1232 2982 de

238 3003 288 3049 sair
296 3002 388 3049 dilectis
394 3003 469 3049 murita
481 3001 725 3064 versibuscomposuit,
735 3001 855 3048 amatoria
865 3005 973 3049 carmina
983 3000 1230 3062 scripsit—BURM.

273 3067 296 3113 2.
314 3069 363 3113 Fas
374 3065 471 3128 audire]
483 3069 547 3114 Nam
558 3066 665 3129 quietem
676 3066 772 3114 turbare
784 3073 944 3126 mortuorum,
960 3065 1046 3127 religio
1056 3065 1158 3112 vetabat.
1175 3065 1232 3115 Vid.

240 3131 326 3194 Epigr.
338 3131 393 3178 Vet.
404 3131 503 3190 Pithoei,
517 3132 571 3180 Lib.
584 3130 637 3180 111.
648 3147 672 3194 p.
685 3130 832 3180 ta-scH.

273 3198 295 3244 3.
313 3195 430 3258 Respira]
449 3197 536 3256 idest,
555 3197 655 3244 bonoeo
667 3196 757 3244 animo.
774 3193 864 3256 Heres]
883 3195 914 3242 Id
925 3201 969 3253 est,
988 3194 1123 3257 posteritas,
1143 3199 1232 3242 utore-

240 3261 349 3321 debatur,
360 3259 796 3324 Trojancrum.—SCH.—Herer]
809 3260 918 3324 Populus
929 3259 1233 3309 Romanus—MEYER.

272 3329 296 3374 1.
314 3324 443 3390 Praeferat]
463 3327 493 3374 Id
504 3333 547 3387 est,
564 3326 634 3374 malit
651 3343 666 3374 a
683 3332 706 3373 te
720 3327 801 3388 gentis
813 3326 918 3388 origines
929 3326 1024 3384 ducere,
1042 3339 1115 3386 quam
1126 3325 1233 3372 aliunde.

241 3391 289 3439 Sed
299 3392 374 3439 satius
385 3401 422 3440 est
441 3393 520 3455 legere
536 3393 652 3454 proferat,
671 3391 688 3438 i.
699 3407 720 3439 e.
736 3391 868 3447 continuet,
885 3389 1233 3454 propaget-SCH.—Qai

236 3459 322 3520 patric
335 3459 432 3518 samum
448 3455 572 3519 praeferat]
591 3456 638 3518 leg.
656 3458 771 3518 proferat.
789 3456 927 3503 Prrntnua
963 3455 1001 3502 Ita
1020 3455 1093 3503 etiam
1114 3453 1233 3502 Heinsius

240 3522 390 3579 emendabat,
401 3523 520 3585 adscripto
532 3522 678 3569 Albinovani
690 3537 760 3569 versu
772 3521 842 3582 Eleg.
861 3521 892 3567 ad
903 3521 956 3569 Liv.
967 3519 998 3568 V.
1017 3521 1056 3567 20.
1068 3519 1110 3567 ubi
1121 3519 1233 3567 similiter

235 3587 345 3650 proferre
355 3590 479 3649 imperium
489 3603 532 3650 pro
550 3587 677 3635 extendere
694 3586 805 3646 occurrit,
822 3582 928 3633 Protulit
944 3588 971 3634 ic
982 3592 1056 3634 terras
1064 3587 1234 3646 imperiumque

235 3667 319 3700 ¹accras.
353 3651 459 3708 Tacitus,
469 3653 524 3702 Lib.
538 3651 558 3699 I.
571 3651 660 3699 rinnai.
672 3666 693 3698 c.
706 3653 729 3698 8.
753 3650 876 3698 Abolenda
884 3654 960 3713 acopis
970 3652 1074 3712 iufamia
1085 3649 1113 3698 ob
1123 3652 1234 3697 amissam

240 3734 293 3766 cum
306 3718 423 3775 Quintilio
430 3717 491 3764 Varo
499 3720 633 3774 exercitum,
642 3731 712 3779 quum
719 3716 830 3778 cupidine
834 3716 970 3778 proferendi
976 3717 1077 3778 imperii.
1091 3715 1182 3762 Seneca
1188 3714 1233 3762 VI.

241 3783 300 3832 Nat.
319 3783 414 3834 Quaest.
426 3785 465 3840 2³,
486 3783 514 3830 de
526 3782 678 3830 Alexandro:
696 3781 826 3844 Imperium
843 3795 872 3828 er
883 3783 970 3844 capulo
990 3779 1101 3827 Tbracioe
1116 3795 1188 3842 usque
1204 3779 1235 3827 cd

245 3847 351 3897 Orientis
363 3850 472 3896 terminer
483 3849 589 3911 protulit.
621 3847 743 3904 Justinus,
761 3847 817 3894 Lib.
829 3845 851 3892 I.
865 3861 917 3908 cap.
930 3849 952 3894 1.
985 3845 1057 3892 Fines
1069 3847 1164 3906 imperti
1174 3847 1234 3891 tueri

239 3917 315 3975 crepis
326 3926 398 3978 quam
406 3913 513 3976 proferre
524 3929 573 3960 mos
583 3920 643 3961 erat.
661 3911 749 3960 videet
760 3911 889 3959 Ciosanum
900 3911 931 3958 ad
942 3911 1013 3960 Ouid.
1030 3909 1073 3956 lib.
1084 3909 1114 3956 V.
1132 3909 1233 3956 Metam.

240 3993 264 4027 r.
275 3978 331 4036 372,
350 3985 386 4027 est
397 3985 479 4025 antem
486 3978 593 4041 proferre
599 3979 702 4039 famam,
722 3978 786 4039 quod
797 3977 918 4024 extendere
928 3976 989 4023 dixit
997 3974 1084 4038 Virgil.
1095 3976 1235 4037 famamque

240 4044 360 4092 extendere
374 4045 461 4104 sactis.
477 4043 604 4106 vulgatum
616 4057 710 4091 servare
729 4041 839 4105 placebat
849 4041 888 4089 cl.
903 4041 1043 4099 Schradero,
1063 4046 1088 4088 et
1098 4038 1234 4099 emendare,
