2902 4838
545 543 581 576 aa
595 542 771 578 rumunnense
785 543 901 577 enarer.
1162 533 1221 580 xxiii

227 669 317 732 expulit
328 671 394 718 cetea
407 670 454 732 Gg.
477 671 567 732 repulit
581 669 650 719 celsis
667 684 784 734 superser.
801 679 824 720 et
841 671 871 722 B.
889 673 980 735 expulit
990 673 1057 721 celtis
1068 687 1188 735 superscr.
1200 675 1223 722 cl

229 737 300 786 verbo
312 735 398 798 priori;
416 743 444 784 ut
455 735 500 782 sit:
518 735 635 798 Expedit,
647 739 714 785 celsis
725 737 848 786 E.·-0R.

260 801 315 848 681.
334 801 381 847 Nil
390 799 476 862 trabit]
490 799 539 848 Hic
551 800 633 858 etiam,
645 807 757 864 utsupra
769 817 894 864 perperam
907 803 955 850 MS.
967 802 1034 850 nibil.
1061 802 1222 852 Ga.-scH.

228 863 350 926 --Nil]
364 865 465 926 BEgsb.
482 864 553 913 Ntttt
565 866 596 913 G.
615 865 702 928 (lbid.)
718 866 746 914 st
756 873 840 915 trunco
851 883 871 914 s.
882 868 1036 929 conj.-OR.
1056 886 1057 889 ¹

260 932 315 978 682.
333 929 431 978 Desinit
448 945 498 978 ease
514 945 613 978 moram
629 931 712 979 mediis
731 930 854 993 defluente]
875 931 942 994 Lege
957 933 994 980 nti
1006 947 1071 980 nunc
1082 947 1224 995 expressum

229 1001 273 1044 est.
308 995 435 1056 Engonasi
450 996 504 1056 jam
521 1001 588 1043 ortus
607 995 663 1056 (hoc
673 996 739 1044 enim
751 1003 787 1044 est
797 997 896 1056 rentem,
914 1004 942 1045 ut
956 1013 1028 1060 supra
1039 1013 1063 1047 v.
1074 998 1130 1056 698,
1149 997 1224 1046 Crura

228 1065 295 1108 tectos
305 1060 367 1108 redit
377 1061 404 1107 ia
414 1061 497 1108 calam
503 1077 512 1118 ς
530 1066 554 1108 et
565 1059 636 1117 inira,
647 1061 739 1109 redieras
749 1077 802 1109 cum
813 1063 888 1109 sidere
901 1061 1016 1124 Cepheus)
1026 1077 1126 1110 manum
1136 1061 1225 1112 lteram

226 1125 320 1187 recipit.
355 1125 393 1174 De
405 1125 483 1188 capite
495 1131 566 1180 tecet,
577 1131 640 1174 utet
651 1125 797 1174 Martianus.
825 1125 1077 1175 oeterorumque
1090 1127 1225 1190 optimitas

226 1196 249 1237 et
263 1190 316 1238 Nisi
326 1193 423 1238 ababa
434 1205 525 1238 monas.
554 1189 650 1252 Exque
659 1189 713 1239 loco
724 1197 798 1253 patet,
811 1191 947 1254 pauloante
958 1191 1105 1254 legendum:
1123 1200 1145 1240 et
1153 1199 1225 1256 capnt

229 1253 346 1317 Ophiuchi
356 1270 400 1317 pro
411 1253 524 1304 Enioclsi.
541 1269 598 1304 nam
610 1253 704 1317 Auriga
714 1270 764 1304 non
772 1257 848 1304 oritur
860 1256 911 1304 ulla
922 1272 952 1304 ex
962 1264 1030 1318 parte
1041 1273 1098 1306 cnm
1115 1257 1224 1320 Scorpio,

228 1321 269 1367 sed
288 1319 430 1382 serpentarii
448 1326 529 1382 capnt,
549 1326 578 1367 ut
595 1326 619 1368 et
635 1322 726 1368 Aratus
737 1329 763 1370 et
774 1335 859 1369 omnes
871 1322 924 1384 ejus
935 1322 1078 1384 interpretes
1095 1328 1224 1372 tentantur.

227 1386 287 1432 Haec
309 1385 374 1432 notis
391 1385 422 1432 ad
443 1400 500 1432 eum
521 1391 630 1433 autorem
650 1385 738 1433 nostris
759 1386 876 1434 addenda.
919 1387 972 1434 Gn.
1012 1386 1112 1448 Vulgati
1128 1387 1223 1436 codices

226 1449 307 1512 inepte
327 1464 371 1512 per
387 1448 531 1512 particulam
549 1451 591 1497 aad
609 1449 704 1498 Nixum
720 1450 773 1511 jem
793 1451 907 1499 omnibus
925 1451 1041 1500 membris
1063 1453 1223 1515 conspicuum

227 1521 352 1577 opponunt
363 1515 468 1576 serpenti
484 1515 569 1562 itidem
585 1514 638 1576 jam
656 1515 769 1563 omnibus
785 1516 893 1579 partibus
905 1517 1044 1579 conspicuo.
1077 1516 1141 1565 Vera
1150 1517 1223 1565 lectio

227 1583 305 1628 estai.
339 1579 435 1628 Deinde
450 1594 494 1642 pro
505 1580 587 1642 inepto
599 1579 658 1627 item
670 1579 785 1628 vocabulo
797 1581 879 1628 mediis
896 1580 1027 1642 legendnm
1037 1580 1109 1630 Ntci.
1142 1581 1182 1629 Sic
1199 1589 1224 1630 et

227 1644 298 1692 Arati
308 1659 331 1691 v.
343 1645 373 1696 67
376 1646 391 1691 2
402 1644 531 1706 respondet
540 1644 618 1692 versio
629 1653 653 1692 et
663 1645 741 1706 magis
753 1645 859 1693 cohaeret
870 1645 953 1693 oratio.
987 1645 1068 1693 Grotii
1078 1647 1170 1693 redieras
1179 1661 1223 1709 pro

227 1710 309 1758 mediis
320 1725 368 1757 non
379 1709 463 1772 probo.
498 1710 571 1771 Cycni
581 1709 676 1758 deutero
684 1709 777 1772 penna]
795 1709 850 1758 Hoc
868 1724 898 1758 ex
914 1709 991 1757 Arato
1000 1725 1050 1757 non
1061 1718 1111 1758 est:
1129 1711 1223 1760 Verum

226 1779 317 1822 tamen.
351 1774 439 1836 Neque
450 1773 516 1822 enim
531 1774 597 1836 Lyra
607 1774 664 1821 oriri
674 1782 762 1837 potest,
774 1775 821 1824 niei
832 1789 882 1822 nna
891 1775 976 1823 dextra
982 1775 1063 1823 Oloris
1074 1775 1113 1823 ala
1124 1776 1222 1825 oriatur.

228 1838 302 1889 Quod
312 1855 368 1887 vero
380 1839 490 1902 sequitur
500 1840 566 1886 rodit
576 1839 682 1887 tellurem
692 1840 747 1888 ideo
759 1845 803 1897 eet,
818 1839 876 1902 quia
886 1839 1009 1898 didicerat,
1019 1846 1047 1888 ut
1056 1847 1128 1888 autea
1139 1840 1223 1889 docui·

226 1919 290 1962 mus,
312 1904 410 1968 Cephea
426 1904 453 1952 in
471 1904 519 1952 ista
535 1902 586 1966 poli
602 1903 736 1952 elevatione
755 1905 812 1952 oriri
829 1919 879 1953 non
898 1919 976 1967 posse.
1018 1904 1121 1953 Dixerat
1138 1912 1221 1954 autem

227 1968 318 2017 Aratu·
330 1969 387 2018 oriri
398 1965 508 2028 στήθεος
528 1967 614 2032 ἄχρις,
641 1969 706 2031 quod
727 1969 797 2018 aliter
817 1970 925 2018 Avienus
946 1969 1126 2032 interpretatur,
1149 1985 1223 2032 quam

228 2033 343 2097 Hyginus
363 2041 387 2082 et
407 2033 515 2096 Capella.
547 2034 666 2091 Avienus,
684 2035 754 2097 quasi
771 2050 786 2083 a
803 2035 906 2097 pedibus
923 2049 999 2096 usque
1017 2033 1048 2082 ad
1064 2034 1179 2083 humeros
1191 2035 1224 2084 sit

226 2099 380 2162 conspicuus,
392 2099 457 2162 qnod
465 2098 632 2147 verisimilius.
655 2099 744 2162 Neque
754 2100 819 2148 enim
836 2115 930 2158 verum,
943 2107 971 2147 nt
981 2099 1087 2148 dixbnns
1095 2118 1103 2147 τ
1119 2099 1223 2164 eliquati

225 2163 278 2212 solo
295 2164 373 2227 capite
390 2171 415 2213 et
430 2163 539 2212 humeris
550 2164 648 2213 oriatur.
682 2163 1011 2214 Gn.—·SCH.—-Deainet
1021 2181 1042 2214 a.
1054 2165 1118 2227 conj.
1134 2164 1222 2225 (ibid.)

226 2226 312 2292 maa]
325 2229 355 2277 de
365 2244 391 2290 g.
401 2229 466 2290 conj.
476 2228 512 2277 sb.
529 2245 627 2278 monum
639 2229 735 2292 BEGg.
752 2230 837 2292 (Ibid.)
847 2228 942 2291 mediis]
955 2229 995 2277 Sic
1005 2236 1117 2292 corrupte
1126 2230 1224 2292 BEGg.

225 2294 319 2342 rediere
328 2294 358 2342 de
369 2309 394 2356 g.
406 2294 470 2356 conj.
483 2293 504 2342 b.
533 2294 655 2356 Displicet
674 2301 764 2348 tamen,
783 2295 840 2356 quia
850 2310 909 2342 mox
924 2310 947 2341 v.
964 2294 1019 2342 684.
1036 2294 1102 2343 idern
1113 2295 1223 2344 verbum.

226 2357 284 2407 Not
294 2359 325 2407 ad
335 2359 481 2407 sententiam
492 2365 564 2419 recte,
575 2359 616 2407 sed
627 2374 714 2421 parum
724 2359 887 2423 probabiliter,
898 2374 917 2406 s.
929 2358 1086 2421 conj.-OIl.

260 2425 315 2474 683.
335 2422 412 2487 Cypri
424 2424 471 2486 ῦς.
488 2426 553 2487 cipri
565 2424 684 2472 B.-OR.

258 2489 315 2537 684.
334 2489 449 2552 Cepboeos
460 2489 491 2538 Β.
507 2488 615 2552 cophene
625 2487 747 2538 buon„

259 2555 315 2602 685.
332 2553 398 2614 lqnic
409 2553 598 2616 Beue-on.

260 2620 317 2668 686.
332 2617 369 2666 Et
386 2633 476 2682 seraper
491 2625 557 2666 totae
572 2621 599 2666 e'a
614 2616 697 2680 arada]
709 2617 963 2680 fortasselegendum:
982 2615 1017 2666 Et
1024 2633 1115 2680 praepea
1125 2623 1186 2667 atne
1196 2620 1223 2666 ia

226 2685 298 2732 uadis
309 2690 343 2732 eat
352 2684 425 2746 lepos.
458 2683 504 2731 Vel
518 2688 589 2747 etque
605 2685 754 2746 imperfectus
766 2687 792 2732 ia
802 2685 871 2732 undis
882 2689 916 2731 est
926 2684 997 2746 lepua
1030 2683 1122 2730 Anatua
1132 2698 1155 2730 v.
1166 2684 1223 2742 678,

228 2747 318 2797 πάντα
334 2764 363 2813 γε
380 2749 436 2812 μὴν
455 2745 566 2798 eritrea
584 2745 744 2812 διωκομένοιο
760 2747 1125 2812 λαγῳοῦ.-8οΗ.-Διᾳιιο
1135 2751 1223 2812 imper-

219 2817 300 2877 fectae
311 2818 338 2862 ia
347 2815 418 2862 uadis
427 2828 451 2874 g.
463 2813 619 2875 susp-Old.

259 2879 315 2930 687.
332 2877 459 2941 Arpooeque
475 2881 536 2926 rutis
553 2895 601 2942 qun
612 2878 697 2942 flexile
714 2875 820 2940 εἰφιιιηι]
836 2876 950 2941 Hyginus
960 2875 1025 2940 Arpo
1035 2881 1115 2926 autem
1121 2879 1224 2939 puppim

226 2945 302 2992 colom
319 2945 453 3006 relinquens
468 2947 578 3006 pervenit
597 2944 629 2991 od
647 2948 742 2990 terram
776 2943 920 3004 Legendnm
938 2957 994 2990 vero
1012 2949 1080 3004 puto,
1102 2941 1139 2989 uti
1158 2957 1224 2990 nunc

228 3023 370 3071 expressum
382 3015 426 3056 est.
458 3007 550 3056 flexile
562 3009 653 3071 liquam
663 3015 700 3056 est
711 3005 844 3070 χηνίσκος,
856 3022 953 3056 curvam
963 3005 1069 3054 Avieno.
1102 3006 1226 3069 Aptucca

227 3089 277 3122 non
296 3088 397 3135 eaquae
415 3073 442 3120 in
460 3073 534 3133 malo,
552 3081 580 3121 ut
594 3072 667 3134 vulgo
679 3079 784 3135 putatur,
804 3073 847 3121 sed
857 3073 883 3120 in
893 3072 983 3135 puppi:
1002 3069 1108 3135 ἅφλαςα
1122 3071 1224 3120 Graecis.

227 3139 292 3186 nnde
303 3138 377 3188 etiam
387 3153 476 3186 nomen
487 3139 626 3196 deductum,
634 3137 750 3200 quicquid
757 3144 862 3200 nugetur
868 3136 935 3186 Festi
946 3136 1079 3185 mutilatur.
1101 3137 1225 3184 Caeterum

227 3205 341 3253 videntur
356 3203 417 3252 mihi
435 3203 565 3252 desiderari
583 3203 623 3251 hic
640 3218 724 3250 versus
733 3202 827 3266 aliquot
842 3203 872 3250 de
890 3200 992 3263 Auriga,
1004 3201 1054 3249 illis
1065 3199 1162 3249 Arateis
1173 3217 1224 3249 res-

227 3269 376 3332 pondentes:
400 3268 436 3331 (v.
454 3268 510 3328 679,
528 3267 589 3329 680)
615 3266 689 3314 Ἀλλ’
711 3265 762 3330 οὐχ
780 3264 971 3331 ἡνιόχῳὲριφοι,
992 3263 1046 3314 obd’
1070 3262 1164 3326 ὠλενίη
1182 3265 1225 3319 del

228 3333 313 3392 Εὐθὺς
330 3330 502 3396 ἀπέρχονται.
535 3333 583 3380 Sed
600 3332 679 3396 potuit
694 3338 720 3380 et
734 3331 790 3380 illos
806 3333 925 3392 omisisse,
943 3331 1060 3394 quianon
1071 3345 1226 3394 summopere

228 3401 258 3449 ad
269 3415 321 3448 rem
330 3399 410 3447 facere
420 3398 569 3447 videbantur.
603 3396 768 3449 Ga.-scH.

260 3466 318 3514 688.
334 3463 413 3513 Attene
424 3463 567 3512 BE.—0R.
1046 3509 1048 3514 ,

261 3531 316 3578 691.
336 3527 543 3591 Ommmuotum]
558 3524 656 3575 Omnem
666 3532 775 3575 matam
783 3525 845 3588 lege.
878 3523 1133 3588 Aplustriaiutelligit.
1167 3525 1225 3574 Fes-

229 3604 283 3644 tus:
301 3595 426 3658 Aplostria
442 3595 541 3642 noviom
557 3597 705 3642 ornamenta.
738 3591 844 3653 Puppim
860 3590 920 3638 dicit
938 3589 1100 3640 venerandam
1116 3589 1226 3649 numine,

231 3659 289 3723 quia
299 3659 325 3707 in
336 3659 458 3723 puppibus
468 3665 537 3708 erant
548 3654 692 3720 παράσημα
704 3663 729 3706 et
739 3656 840 3704 deornm
851 3655 951 3717 effigies.
985 3655 1048 3704 Erat
1056 3661 1139 3704 autem
1150 3653 1227 3717 Argo,

230 3719 1227 3848 li*cultibiliitti'tiitt‘{illiniebatdimittit

228 3805 237 3838 1
259 3805 273 3838 a
339 3805 352 3837 e
374 3806 383 3838 1
631 3822 639 3837 .
720 3820 727 3834 .
755 3821 761 3834 .
822 3819 830 3842 ‚

227 3861 280 3918 post
291 3860 358 3918 torpa
370 3856 478 3917 mopistrt
489 3804 597 3904 Hcagernt
607 3859 696 3902 carole
704 3851 802 3914 pertibus
815 3803 1037 3900 mencaldorum.
1064 3848 1225 3898 Ga-scfl.

228 3918 406 3982 ——Omnem]
419 3919 474 3968 BE.
490 3920 528 3980 (ut
539 3918 633 3968 emend.
645 3918 680 3982 g.)
690 3918 725 3967 ab.
742 3933 809 3967 omne
822 3917 959 3980 (tq-on,

261 3986 317 4034 693.
337 3984 420 4033 Omnis
432 3983 620 4047 Buce-01³„

261 4049 318 4100 694.
338 4049 433 4113 Cppnas
444 4049 609 4112 Bugffion.
