2868 4848
254 589 297 654 28
654 607 851 654 annuarum

253 771 381 827 narum,
424 771 538 814 uorum
554 749 701 836 quaedam
716 749 851 826 minora,
870 749 1018 834 quaedam
1034 749 1202 834 ampliora,
1219 760 1258 816 et

254 835 374 922 populo
398 771 590 922 Canephoru
606 837 778 902 dicuntur:
802 835 857 900 sed
873 836 1089 920 compensatio
1105 837 1256 921 quinque

255 921 401 1007 partibus
410 921 551 986 creditur
563 921 726 1008 applicari,
736 933 775 987 ut
786 921 851 986 sint
862 943 971 986 omnes
981 921 1132 1005 Signiferi
1143 934 1256 1008 partes

257 1005 458 1074 CCCLXV.
505 1007 635 1074 Horum
659 1007 846 1093 incipientia
871 1007 925 1092 ab,
940 1007 1064 1085 Ariete,
1089 1007 1152 1072 alia
1174 1021 1256 1072 sunt

255 1093 467 1158 masculorum
483 1094 653 1174 natalibus,
669 1095 730 1160 alia
740 1093 955 1158 foeminarum.
1000 1092 1084 1158 Item
1098 1105 1255 1178 quartum

280 1203 386 1264 uoque
401 1201 524 1257 eorum,
539 1192 596 1245 aut
611 1179 780 1265 tropicum,
796 1189 853 1244 aut
868 1179 1016 1257 solidum,
1029 1189 1085 1244 aut
1097 1179 1254 1247 deforme.

256 1201 396 1350 lucipiet
410 1265 623 1330 dinumeratio
638 1267 678 1331 ab
695 1266 814 1330 Ariete.
860 1264 959 1350 Signa
973 1267 1170 1350 tropieorum
1186 1267 1253 1330 duo

256 1363 333 1416 aunt
359 1351 606 1436 aequinoctialia,
638 1352 731 1417 Aries
753 1362 787 1415 et
813 1350 929 1416 Libra:
963 1351 1028 1416 duo
1058 1351 1251 1430 solstitialia,

257 1434 472 1538 Capricornus
487 1449 520 1502 et
536 1436 668 1504 Cancer.
712 1436 857 1522 Tropicis
871 1437 1019 1522 proxima
1039 1437 1139 1502 solida
1162 1449 1254 1503 ante-

254 1535 360 1610 posita
374 1523 422 1588 hia
437 1523 601 1589 deformia.

316 1693 378 1759 Hie
408 1705 458 1760 est
487 1694 652 1760 stellarum
683 1693 762 1759 ordo
794 1707 1004 1781 utrorumque
1034 1695 1252 1762 circulorum:

257 1777 502 1866 Septentriones
531 1777 674 1866 duplices
697 1780 738 1846 ad
763 1793 908 1848 austrum
938 1792 1119 1860 vertuntur,
1147 1783 1254 1867 figura

257 1867 372 1931 aversis
387 1866 495 1932 caudis
509 1867 644 1932 invicem
659 1866 720 1932 sibi
735 1868 954 1933 adversantes:
977 1868 1064 1932 inter
1090 1891 1171 1954 quas
1196 1870 1253 1934 ob·

256 1951 365 2038 liquus
380 1953 534 2018 dilabitur
558 1953 674 2018 Draco.
722 1953 790 2018 Sub
814 1955 911 2018 unius
934 1977 1074 2040 namque
1098 1955 1180 2039 pede
1204 1967 1254 2020 est

258 2039 496 2124 serpentarius,
516 2041 608 2126 eujus
633 2038 830 2124 Serpeutarii
851 2039 949 2125 pedes
975 2041 1142 2123 attingunt
1164 2040 1254 2106 fron-

257 2135 320 2190 tem
337 2123 529 2211 Scorpionis.
575 2125 608 2189 A
622 2125 721 2190 latere
736 2136 844 2190 autem
857 2137 942 2192 retro
953 2136 1017 2190 atat
1034 2126 1168 2191 Custos:
1193 2128 1254 2192 sub

257 2207 395 2312 pedibus
410 2211 541 2298 quidem
556 2213 626 2297 ejus
640 2210 754 2296 Virgo,
776 2211 898 2276 habens
913 2213 1040 2297 igneam
1056 2213 1090 2276 in
1103 2213 1254 2278 manibus

257 2320 396 2398 spicam:
419 2309 576 2362 retrorsus
589 2320 673 2375 vero,
688 2297 830 2381 vestigiis
846 2299 915 2384 ejus
926 2299 1074 2384 adjacens
1090 2297 1169 2377 Leo,
1186 2321 1255 2363 me·

257 2384 310 2449 dio
325 2383 435 2448 aestivo
450 2384 585 2449 solstitio
605 2381 730 2448 Cancer
754 2393 789 2448 et
810 2383 953 2448 Gemini.
1000 2383 1119 2448 Genua
1142 2395 1255 2450 autem

258 2469 438 2554 Agitatoris
452 2482 551 2556 caput
571 2470 705 2535 Gemini
721 2469 908 2554 attingunt:
933 2469 1032 2555 pedes
1050 2482 1159 2535 autem
1184 2472 1255 2557 ejus

256 2553 354 2621 Tauri
377 2556 527 2620 cornibus
546 2558 740 2643 junguntur,
757 2557 849 2620 cu'us
864 2552 1001 2622 Hoeduli
1017 2557 1155 2642 desuper
1170 2558 1256 2622 obti-

256 2653 337 2707 nent
351 2641 456 2706 locum
473 2641 719 2727 Septentrionis.
765 2579 876 2706 Hjabet
890 2653 1000 2706 autem
1024 2640 1212 2727 Septentrio
1237 2667 1257 2708 a

258 2727 381 2792 dextris
400 2729 500 2814 juxta
526 2729 684 2794 Coronam
706 2729 785 2793 desu
809 2751 844 2792 er
859 2751 891 2792 se
932 2739 1039 2793 entem
1054 2729 1089 2791 in
1103 2729 1257 2794 manibus

260 2814 467 2898 Serpentarii,
488 2825 522 2880 et
545 2837 620 2879 eum
667 2815 701 2878 ui
724 2815 758 2878 in
817 2816 942 2879 enieuo
966 2825 1042 2892 stat,
1068 2825 1102 2880 et
1125 2815 1256 2880 sinistro

255 2900 340 3052 prede
365 2901 622 2987 septentrionalis
644 2837 800 2966 llraconis
822 2900 971 2965 verticem
996 2901 1129 2979 calcans,
1152 2923 1257 2967 unum

297 2987 423 3051 echium
445 2986 565 3065 Librae,
588 2987 726 3052 alterurn
741 2987 819 3052 dans
835 2985 983 3052 Coronae.
1029 2986 1116 3051 Nam
1137 2987 1259 3052 minori

259 3071 487 3157 Septentrione
502 3075 637 3138 ultimus
659 3095 716 3158 pes
738 3073 860 3158 Cephei
883 3074 1078 3151 continetur,
1105 3069 1258 3158 Cycnum

258 3181 358 3224 manu
373 3160 489 3224 dextra
505 3160 793 3246 apprehendentis:
818 3182 913 3244 super
935 3160 1028 3245 eujus
1049 3159 1114 3224 alas
1137 3159 1257 3243 Equus

260 3245 410 3310 extendit
423 3247 549 3331 pedem,
571 3255 603 3310 et
619 3269 715 3331 super
738 3266 858 3330 equum
883 3245 1048 3330 Aquarius
1074 3245 1255 3325 extollitur,

255 3333 356 3417 juxta
382 3354 479 3418 quem
509 3331 725 3417 Capricornus
752 3343 811 3397 est.
858 3331 927 3396 Sub
958 3329 1094 3416 Aquarii
1113 3331 1256 3416 pedibus

261 3417 361 3486 Piscis
375 3441 509 3503 magnus
523 3419 707 3497 Austrinos,
722 3418 898 3484 constituta
909 3426 985 3483 ante
999 3416 1165 3503 Cepheum
1175 3414 1257 3483 Cas-

261 3504 398 3590 siepeia:
422 3516 456 3570 et
471 3530 489 3571 a
504 3507 597 3571 dorso
612 3505 789 3589 Agitatoris
804 3503 941 3576 Perseus
956 3503 1072 3589 pedem
1087 3503 1255 3570 extendit:

260 3613 357 3677 super
367 3589 475 3656 Persei
484 3603 582 3678 eaput
593 3589 779 3677 Cassiepeia
788 3592 924 3678 pedibus
935 3612 1106 3676 properare
1117 3591 1254 3655 videtur.

262 3677 354 3742 Inter
370 3675 518 3763 Cycnum
533 3679 631 3761 igitur
643 3687 676 3742 et
690 3699 764 3742 eum
776 3679 833 3764 qui
848 3678 883 3742 in
900 3676 1061 3741 Genieulo
1075 3686 1151 3755 stat,
1169 3675 1257 3760 Lyra

260 3764 477 3831 constituitur.
523 3762 564 3827 In
595 3785 732 3848 quorum
760 3764 866 3829 medio
896 3765 1033 3849 desuper
1061 3763 1102 3828 ab
1131 3763 1256 3826 oriente

262 3849 445 3935 Delphinus
462 3850 681 3934 cognoscitur:
706 3851 765 3914 sub
779 3853 871 3938 cujus
888 3849 990 3915 cauda
1004 3859 1054 3914 est
1068 3849 1203 3933 Aquila,
1218 3849 1255 3912 in

260 3937 408 4020 proximo
423 3936 544 4002 habens
560 3934 813 4022 Serpentarium.
860 3937 925 4004 Sed
936 3937 1005 4022 jam
1020 3935 1060 3999 de
1076 3933 1256 4020 Aquilonio

260 4022 378 4086 circulo
392 4023 586 4102 dictumest.
632 4022 729 4088 Nunc
754 4023 795 4089 sd
818 4023 991 4093 australem
1011 4022 1155 4088 ordinem
1180 4044 1255 4106 pro-

258 4129 416 4192 peremus.
