2902 4838
541 613 577 646 no
588 611 765 646 rnnnoneun
780 611 895 645 sussen.
1188 599 1220 645 vii

221 754 273 801 que
289 739 362 786 refert
378 737 519 800 [laetarique.
553 738 635 785 Habes
647 739 811 786 variationem.
850 733 902 800 Ego
914 735 1045 800 legendum
1056 745 1130 798 puto:
1151 733 1220 783 Tun·

219 818 268 866 pus
286 805 404 852 dexterius
424 819 471 866 quo
488 805 567 864 siqnot
584 805 653 852 steilo
666 805 790 860 Draconis,
812 801 911 866 Qrooque
929 802 992 850 sedet
1010 807 1121 858 mentum
1141 801 1220 848 lusere

221 872 351 916 novissimo
361 869 449 916 conda.
483 867 623 916 Extremum
640 883 685 930 quo
701 869 794 915 tteticea
805 867 869 914 sidtu
879 870 959 926 micat,
977 867 1021 914 boc
1038 867 1148 914 sodimon
1165 867 1220 914 Ser·

219 936 299 996 pentis
309 935 397 980 declive
407 939 486 996 caput,
504 949 550 1012 pun
563 935 676 996 pnocimo
687 937 762 996 siquo,
775 938 813 990 irc.
849 934 952 988 Aratum
971 930 1054 986 Λοξὸν
1066 927 1130 979 δ’ἔςι
1145 929 1219 995 κάρη,

223 997 326 1046 vinoun
338 995 364 1044 di
376 996 491 1062 πάμπαν
502 1013 583 1045 εοικεν
597 996 696 1061 Ἀκρην
714 997 749 1054 εἰς
767 997 853 1056 illisne
871 995 961 1061 οὐρήν.
994 995 1066 1062 μάλα
1086 991 1151 1046 iter
1164 998 1218 1042 κατ’

222 1062 265 1110 ἰθὺ
279 1064 328 1111 Καὶ
340 1061 417 1127 siper,
430 1061 471 1112 soi
483 1061 617 1127 κροτάφοιο
629 1062 662 1112 τὰ
672 1059 741 1117 deieci
752 1061 845 1142 nescires
856 1061 928 1127 οὐρῇ.
953 1061 1034 1121 Keivn
1052 1075 1104 1108 που
1123 1061 1219 1124 κεφαλὴ

224 1130 258 1193 τῇ
268 1127 386 1191 νήχεται,
407 1125 451 1192 ἦχί
464 1144 511 1193 περ
523 1128 598 1192 ἄκραι
610 1127 757 1192 Μίογονται
768 1125 852 1185 δύσιες
863 1143 890 1176 re
902 1127 944 1175 nul
956 1125 1067 1176 duribus
1084 1125 1219 1189 ettilo-,s

224 1195 319 1244 Quarto
331 1209 402 1242 versu
413 1194 476 1242 male
488 1192 585 1254 vulgatu
603 1209 652 1256 quc
663 1193 748 1242 hebet:
767 1193 830 1240 male
841 1193 896 1241 MS.
909 1199 987 1256 utque
1004 1194 1069 1255 quod
1085 1192 1116 1239 ob
1131 1205 1220 1254 repen-

224 1259 315 1306 tionem
326 1259 512 1320 praecedentium
524 1258 648 1306 literarum
659 1259 752 1307 accidit.
781 1257 836 1321 Ego
847 1273 895 1322 quo
906 1257 1008 1316 restitui,
1020 1255 1065 1321 ἧχὶ
1075 1269 1123 1322 περ
1135 1258 1220 1304 Arcto.

224 1324 272 1371 Est
291 1325 356 1371 enim
376 1323 452 1372 altera
472 1323 557 1386 capitis
577 1323 711 1386 designatio
722 1339 751 1372 ex
763 1324 853 1371 arctico
864 1322 962 1372 circulo.
997 1323 1045 1371 Sed
1060 1339 1109 1372 non
1127 1323 1222 1370 videtur

225 1390 295 1436 Arati
307 1394 413 1436 mentem
424 1397 487 1437 recte
498 1388 605 1450 cepisses
623 1388 670 1436 nisi
686 1389 795 1436 dicamm
814 1389 890 1436 Ursas
907 1403 950 1450 pro
967 1389 1056 1436 archoo
1072 1387 1163 1437 circulo
1181 1387 1220 1434 de·

224 1455 306 1512 scribi,
321 1461 346 1501 et
359 1455 416 1502 inde
425 1454 536 1518 proxima
547 1453 618 1515 signa
627 1468 726 1501 occasus
741 1461 856 1517 ortusque
866 1453 922 1511 dici,
933 1454 1139 1516 quemadmodum
1149 1452 1222 1500 multi

187 1544 191 1550 ·
224 1519 288 1581 apud
300 1519 446 1578 Homerum,
465 1519 507 1582 qui
519 1517 582 1566 solus
593 1525 670 1566 arctos
681 1519 803 1566 immunes
822 1517 856 1566 ait
877 1519 978 1576 Oceani,
993 1519 1112 1567 circulum
1128 1517 1220 1565 intelli·

224 1591 299 1646 gunt:
318 1599 376 1631 nam
393 1599 544 1646 quaecunque
555 1583 581 1629 in
592 1584 680 1631 arctico
693 1590 750 1630 sunt
760 1583 859 1642 circulo,
877 1598 1004 1646 nunquam
1022 1585 1142 1632 occidunt.
1175 1583 1223 1630 Est

224 1649 291 1696 enim
300 1646 410 1712 μέγιςον
422 1653 474 1696 τῶν
485 1647 622 1711 desponde,
635 1654 662 1695 ut
673 1649 703 1696 ad
714 1651 815 1696 Aratum
826 1649 961 1696 docuimus.
996 1648 1094 1697 Interea
1104 1664 1153 1696 non
1167 1662 1221 1709 pos-

224 1729 279 1762 sum
288 1715 416 1772 abstinere,
425 1715 484 1777 quin
492 1713 595 1762 Isiodori
604 1713 685 1761 locum
694 1714 723 1761 de
733 1713 780 1762 boc
788 1713 886 1772 circulo,
895 1714 925 1761 ab
932 1713 978 1761 boc
985 1713 1039 1762 loco
1048 1729 1097 1762 non
1106 1713 1221 1772 alienum,

223 1780 313 1826 mendo
335 1795 445 1841 purgem.
480 1779 526 1827 Est
546 1778 567 1826 is
584 1779 652 1827 locus
670 1779 741 1827 titulo
760 1779 790 1826 de
804 1779 896 1826 mundo
913 1779 991 1840 capite
1001 1785 1077 1835 sexto,
1095 1787 1185 1827 temere
1195 1778 1222 1825 in

224 1845 404 1892 mathematicis
421 1845 499 1907 capite
514 1846 545 1892 43
561 1844 687 1907 repetitus.
721 1842 828 1901 Quorum
836 1846 927 1906 primus
940 1845 1049 1891 Circulos
1059 1845 1110 1892 ideo
1121 1844 1222 1891 arcticus

223 1911 366 1972 appellabor,
387 1912 448 1971 quod
464 1911 526 1957 inter
542 1923 595 1958 eum
611 1913 701 1958 arcturi
718 1913 786 1971 siquo
802 1909 894 1956 incluso
907 1912 1093 1971 prospiciuntur.
1127 1909 1222 1970 Legen-

224 1974 284 2021 dum
296 1981 461 2022 estorotorum
471 1977 546 2036 siquo.
581 1975 702 2022 Geminus
719 1974 787 2021 locus
797 1973 839 2021 ille
857 1973 986 2021 Martianiz
1009 1977 1051 2036 qui
1067 1977 1221 2037 septentrion-

223 2039 271 2086 alis
288 2041 391 2088 diculus
405 2037 550 2100 perhibetur,
570 2055 598 2086 es
616 2055 649 2096 eo,
669 2038 731 2102 qaod
750 2055 803 2086 cum
820 2042 907 2087 ceteris
924 2053 973 2102 quc
986 2045 1132 2102 proiciantur,
1150 2041 1222 2086 etiarn

221 2107 318 2166 pennino
328 2105 409 2152 sidero
418 2107 581 2167 septentrionis
592 2105 705 2152 includat.
746 2105 831 2151 Gnos.
865 2103 920 2166 Ego
939 2111 1037 2166 propter
1054 2105 1121 2151 Arati
1138 2119 1221 2150 versus

224 2169 325 2216 discessi
336 2185 350 2216 a
361 2169 516 2217 distinctione
527 2169 616 2228 Grotii,
633 2178 658 2217 et
668 2169 820 2231 conjecturis.
854 2168 945 2216 Similis
956 2170 1102 2216 constructio
1113 2169 1223 2216 videatur

223 2251 246 2280 v.
261 2236 315 2290 148,
327 2233 684 2282 149.—SCH.—-Denterius
695 2232 757 2297 quc]
772 2234 836 2295 neg.
849 2233 990 2297 deuteriusq’
1002 2235 1033 2282 E.
1044 2235 1184 2298 desterique'
1194 2235 1221 2281 B.

223 2315 342 2362 superscr.
353 2315 389 2346 us.
407 2300 541 2362 textosque
553 2300 584 2347 G.
602 2300 720 2348 dexterius
731 2315 778 2361 quo
789 2299 818 2356 de
829 2313 852 2360 g.
864 2300 926 2360 conj.
945 2300 980 2346 sb.
1010 2299 1135 2346 Sententia
1153 2299 1220 2346 hmo:

226 2364 320 2412 Praeter
331 2371 422 2412 ceteras
433 2362 565 2427 splendidas
576 2372 633 2412 sunt
644 2363 721 2412 stellae
731 2373 779 2411 tres
789 2382 794 2419 ;
812 2379 847 2418 ea,
865 2379 918 2426 qum
929 2364 996 2411 sedet
1004 2372 1101 2419 mento;
1119 2379 1155 2420 ea,
1167 2377 1222 2425 qum

223 2429 306 2541 llgl'at
314 2437 410 2541 tempus
418 2429 540 2542 degamus
551 2429 679 2490 Draconis,
691 2428 945 2488 etcoudanorissima,
956 2429 1079 2477 ubimicat
1086 2435 1222 2478 extremum

254 2509 327 2541 esces
337 2509 357 2540 sr
374 2509 444 2542 us.-
497 2529 502 2540 .

260 2559 298 2606 59.
317 2557 432 2622 Quoque]
451 2557 646 2621 ABE(G.)FPg.
674 2573 767 2620 qnoque
785 2557 814 2604 de
833 2573 856 2619 g.
876 2559 940 2621 corj.
961 2559 996 2605 sh.
1021 2557 1106 2620 (ibid)
1131 2554 1221 2619 mento]

226 2625 294 2671 ABE
308 2623 436 2685 G.)Fl‘gb.
454 2630 559 2672 mentum
575 2623 604 2670 de
620 2639 644 2686 g.
656 2624 718 2685 conj.
731 2639 750 2670 s.
766 2622 852 2684 (lbid.)
868 2625 929 2672 tricet
939 2627 1066 2672 nouissimo
1078 2623 1125 2672 Pb.
1139 2630 1223 2670 contra

225 2695 333 2736 metrum
343 2697 368 2736 et
378 2689 440 2736 Cdd.
451 2688 616 2736 meos-OB.

260 2754 299 2802 60.
318 2753 458 2802 Extremum
470 2750 529 2815 quo]
540 2753 569 2800 de
580 2769 602 2814 g.
616 2754 679 2815 conj.
690 2753 713 2800 b.
731 2758 904 2816 extremumque
916 2753 961 2800 AB
967 2751 1121 2815 monulus.
1137 2752 1222 2814 (ibid.)

224 2817 366 2936 (igliclsssphi'
380 2819 463 2931 Hegipp
474 2818 501 2865 F.
525 2818 611 2879 (lbid.)
635 2818 679 2866 boc
689 2816 813 2880 radiatur]
830 2819 859 2865 de
877 2833 900 2880 g.
912 2819 975 2880 conj.
989 2833 1009 2865 s.
1028 2833 1057 2865 oc
1067 2818 1121 2867 rad.
1139 2817 1221 2865 ABE-

261 2884 300 2995 ol.
318 2899 416 2996 Dgcctim
433 2947 552 3009 (F)Pgsb.
573 2948 661 2995 declino
673 2945 776 2995 ABEG.
794 2946 879 3009 (Ibid.)
890 2947 949 3010 quo]
961 2947 991 2996 de
1002 2962 1025 3010 g.
1039 2948 1101 3010 conj.
1120 2948 1154 2995 sb.
1172 2963 1222 3010 qua

227 3013 400 3075 AE(G.)FPg.
416 3016 451 3062 aio
460 3029 498 3074 pr.
517 3013 546 3060 B.
564 3027 683 3076 superscr.
699 3011 848 3075 que-Oli.

261 3079 300 3125 62.
321 3077 375 3126 Uno
385 3083 516 3140 tanquutur
526 3077 555 3125 ob
567 3078 619 3136 ore]
631 3077 733 3133 Dubito,
745 3091 777 3124 an
789 3092 838 3124 non
849 3077 903 3126 orbe
914 3077 1052 3140 legendum.
1086 3077 1151 3126 Nam
1163 3077 1222 3140 quid

226 3142 273 3190 boc
285 3150 329 3202 est,
341 3143 459 3206 serpentis
470 3158 496 3190 os
506 3142 540 3190 ibi
552 3153 596 3201 est,
607 3143 640 3190 ibi
652 3157 715 3190 ursae
726 3142 756 3190 ab
767 3156 807 3190 ore
819 3148 961 3204 tanguntur.
994 3143 1083 3191 Gnos.
1117 3146 1164 3190 Pro
1175 3158 1222 3190 uno

226 3207 311 3255 malim
323 3209 377 3256 udo.
412 3208 537 3255 Sententia
548 3215 596 3255 est:
616 3207 679 3257 Quae
690 3207 799 3270 proxima
810 3207 925 3271 plaustris
932 3208 1078 3269 draconique
1089 3208 1174 3265 sidera,
1183 3207 1223 3254 vel

227 3273 258 3320 ab
270 3281 324 3321 ortu
334 3273 373 3321 rel
385 3273 415 3320 ab
426 3287 520 3330 occasu,
532 3273 601 3330 muri,
613 3280 641 3320 ut
652 3281 761 3320 veterum
773 3271 865 3320 terebat
875 3273 964 3335 opinio,
982 3281 1134 3334 merguntur.
1160 3275 1222 3319 Ροε-

227 3337 291 3386 clare
310 3339 384 3400 igitur
403 3337 509 3400 explicat
526 3337 596 3385 Arati
615 3337 933 3401 pioyouros.-SCH.--
943 3337 995 3386 Udo
1012 3353 1031 3384 s.
1049 3338 1112 3400 conj.
1129 3337 1222 3386 Placet.

227 3408 354 3464 tenpuntur
364 3406 390 3450 P.
408 3401 474 3466 orbe]
486 3403 515 3450 de
527 3417 551 3463 g.
562 3403 625 3464 conj.
643 3404 678 3450 sb.
697 3418 736 3450 ore
747 3402 809 3450 Cdd.
828 3403 879 3450 noti
891 3409 915 3450 et
927 3403 1058 3465 Pg.-OR.

261 3469 300 3515 63.
319 3468 414 3515 Eadem
426 3469 499 3516 tradit
509 3467 533 3514 N
536 3483 614 3515 onnus
625 3468 730 3530 Dionys.
740 3467 821 3516 XXV.
833 3482 856 3516 v.
864 3469 920 3515 393.
948 3468 1041 3526 Strabo,
1053 3467 1095 3514 lib.
1105 3468 1126 3515 I.
1135 3483 1157 3530 p.
1167 3468 1190 3525 6,
1199 3465 1223 3516 7.

228 3533 300 3579 Ovid.
323 3536 423 3581 Metam.
443 3533 479 3580 ΙΙ.
502 3533 549 3580 508
569 3547 644 3595 seqq,
663 3533 712 3580 alii.
756 3533 808 3580 Res
829 3532 1175 3583 nom-seffl--Ttmton
1195 3532 1222 3579 F.

227 3597 312 3658 (Ibid.)
324 3595 421 3654 Arctoe]
433 3596 598 3660 ABE(G.)gs.
617 3600 699 3658 (Arete
711 3597 750 3657 F.)
767 3596 835 3646 troo
846 3599 980 3646 Ph-OR.

262 3663 300 3710 64.
319 3663 348 3710 L.
370 3663 507 3720 inocciduis,
527 3659 641 3719 ἀδύτοις.
682 3663 769 3710 Geor.
811 3663 857 3709 Pro
876 3669 994 3712 anuontes
1015 3663 1154 3727 ponendum
1177 3661 1224 3709 suit

226 3734 323 3775 mount
332 3743 369 3776 cc.
380 3733 475 3775 anuont
485 3735 567 3777 autem
578 3736 615 3776 est
626 3727 755 3784 observant,
766 3731 894 3776 intuentur.
930 3727 986 3776 Nisi
1002 3743 1098 3776 versum
1115 3726 1223 3788 aliquem

228 3793 348 3840 omissum
358 3807 410 3840 esse
421 3793 524 3850 dictites,
536 3792 596 3840 nihil
608 3793 676 3840 aliud
686 3792 733 3854 legi
746 3793 785 3840 hic
797 3800 882 3855 potest
910 3794 1059 3842 Discernunt
1069 3799 1223 3854 autemsaepe

228 3861 306 3920 poitae
317 3872 432 3919 personas
443 3864 467 3904 et
478 3872 515 3905 res
528 3873 541 3904 a
553 3857 638 3916 stellis,
657 3859 744 3920 quibus
759 3873 869 3919 personne
881 3866 905 3906 et
916 3873 954 3906 res
965 3859 1097 3921 signantur.
1132 3857 1223 3904 Statius

230 3922 347 3970 Thebaid.
359 3922 412 3971 111.
424 3921 540 3984 684‚jom
550 3929 616 3970 nocte
625 3938 742 3984 stuprantes,
754 3922 893 3971 Antenooos
901 3929 972 3979 ortus,
985 3923 1026 3971 ubi
1036 3924 1094 3980 soto,
1102 3925 1224 3984 superstite

225 3988 342 4048 pbouatro,
361 3985 444 4036 Arctos
461 3987 494 4034 ad
510 4003 622 4036 cocorum
631 3987 782 4050 ,finientibus
798 3988 887 4035 invidet
904 3991 980 4036 ostris.
1015 3988 1093 4047 Idem,
1106 3986 1225 4034 Thebaid.

229 4051 290 4100 Vll.
302 4055 477 4100 8.—-occono
489 4056 586 4101 vetitum
597 4069 644 4116 quo
655 4051 784 4102 Parrhasis
791 4055 868 4115 ionem
877 4052 987 4100 Nubibus
994 4053 1104 4110 bibernis,
1114 4057 1136 4099 et
1145 4057 1224 4099 nostro

228 4119 334 4179 poesim
344 4116 422 4166 imbri.
439 4117 499 4165 adde
517 4118 565 4165 huc
584 4118 709 4181 Capellam
726 4118 755 4166 de
773 4127 841 4180 nupt.
859 4117 948 4165 Philol.
964 4118 1015 4166 libr.
1031 4118 1067 4166 ll.
1083 4133 1138 4180 pag.
1151 4118 1224 4164 44.—

1076 4205 1092 4244 L
