2902 4838
531 634 566 667 rn
579 633 756 672 ruunouaue
769 633 884 668 rueres.
1121 621 1204 674 xxxvii

205 764 281 806 ment.
299 757 440 806 Astronom.
459 771 515 820 pag.
528 756 865 806 14.-scH.--01nntunt
882 763 931 805 tres
942 771 979 804 vv.
992 756 1110 808 315-317.
1127 757 1203 806 Ars.

207 821 306 871 Habent
318 822 487 870 BEG.-OR.

238 887 294 936 316.
309 887 379 935 Jom’s
389 885 449 949 oles]
468 885 498 935 Id
511 893 554 944 est,
570 885 659 950 aquila,
680 886 722 948 qui
739 885 791 934 ales
809 886 864 934 Jori
882 885 1033 944 adscribitur,
1051 891 1080 934 ut
1091 886 1145 934 aliis
1157 887 1203 936 diis

205 949 255 1000 ulii,
288 952 382 999 Plinius
393 952 427 998 X.
445 968 465 1000 c.
477 953 501 998 5.
535 951 650 1014 Hyginus
668 952 735 999 Poes
754 951 855 1000 Astron.
873 951 915 999 lib.
927 951 964 1000 II.
982 952 1108 1016 deoquila.
1143 952 1203 1000 Ovi·

206 1017 260 1065 dius
272 1016 338 1064 Fame
350 1016 395 1064 VI·
407 1033 430 1064 V·
445 1016 610 1065 1960-SCH·

238 1082 293 1130 317.
309 1081 380 1129 Jovis
396 1080 512 1144 cuniper]
529 1081 569 1129 Sic
579 1081 687 1144 loquitur
698 1079 771 1128 etiam
782 1079 869 1142 Virgil.
884 1080 943 1128 AEn.
955 1079 1001 1128 IX.
1020 1081 1078 1132 564.
1112 1081 1204 1130 Statius

205 1143 282 1194 Theb.
304 1146 355 1194 III.
375 1148 431 1204 532,
451 1152 476 1194 et
493 1146 596 1194 Flaccus
613 1149 738 1207 Argonaut
755 1145 777 1192 I.
795 1145 819 1193 b.
837 1145 874 1194 II.
892 1160 915 1194 v.
932 1146 994 1193 416:
1015 1145 1080 1202 Quin
1094 1151 1117 1193 et
1135 1145 1204 1194 Joois

205 1213 368 1273 omniparipse
377 1213 471 1273 decipit
482 1209 615 1274 aPlryyio
627 1211 682 1274 jam
695 1211 783 1273 pocula
801 1209 889 1258 blanda
905 1211 1025 1273 maqistro.
1057 1211 1153 1260 Plinius
1167 1211 1203 1261 II.

205 1291 226 1322 ο.
239 1278 288 1323 55ι
310 1275 365 1323 Hoc
382 1277 458 1324 solum
476 1277 614 1324 animales
630 1277 729 1322 arumnis
742 1290 791 1322 non
806 1278 910 1337 permitit
926 1275 1035 1324 fulmen:
1052 1279 1113 1324 siuet
1131 1291 1203 1326 nece

205 1339 339 1388 volueribus
356 1341 470 1404 aquilam,
490 1357 540 1404 que
551 1340 579 1388 ol
591 1339 634 1387 loc
644 1341 761 1402 amnipem
778 1337 848 1402 hujus
859 1340 900 1387 teli
905 1343 1020 1403 finpitur.
1053 1340 1119 1388 Add.
1131 1340 1203 1389 Idem

205 1403 237 1452 X.
249 1420 271 1453 ο.
283 1407 306 1462 3,
318 1411 377 1452 extr.
410 1405 458 1452 Sed
476 1406 573 1454 Servius
585 1405 616 1452 ad
630 1404 728 1452 AEneid.
743 1404 790 1452 lX.
802 1406 858 1464 564,
877 1405 960 1453 scribit
969 1405 1004 1452 ita
1014 1405 1044 1454 de
1055 1405 1101 1453 hac
1119 1406 1202 1468 appel-

205 1469 295 1517 latione
312 1469 417 1531 aquilae:
436 1474 494 1532 quia
510 1472 597 1518 <licitur
614 1469 698 1532 aquila
708 1472 735 1516 in
746 1468 807 1517 ballo
826 1470 943 1532 Gipanteo
961 1470 1020 1518 Jooi
1035 1485 1103 1518 amna
1121 1473 1203 1518 minsis-

205 1535 298 1582 trdsse:
323 1535 386 1596 quad
407 1540 486 1582 tamen
499 1536 614 1597 flnyitur.
662 1535 733 1590 Nam,
755 1540 870 1597 utsupra
891 1535 1001 1594 dirimere,
1022 1549 1086 1597 reyes
1100 1535 1203 1594 firmant

202 1597 299 1661 Jupiter
310 1605 332 1646 et
345 1599 471 1647 Saturnus.
506 1599 554 1646 Sed
563 1599 620 1646 dum
629 1598 726 1660 Jupiter
736 1614 789 1646 cum
801 1604 872 1661 patre
883 1598 986 1646 Saturno
996 1598 1090 1648 liaberet
1100 1600 1128 1647 de
1138 1602 1203 1662 cyrus

203 1667 379 1720 contentionem,
398 1669 476 1712 ortum
495 1663 580 1712 bellum
597 1669 640 1722 est,
658 1663 691 1710 ad
706 1664 770 1726 quod
787 1663 906 1726 eprediena
923 1664 1021 1726 Jupiter
1038 1665 1124 1727 aquila
1143 1666 1203 1712 vidit

122 1727 131 1748 '
203 1730 346 1790 ouyurium:
361 1728 428 1791 cujus
446 1744 519 1792 quum
536 1730 627 1775 uicisset
645 1729 757 1790 acupicto,
769 1730 858 1790 fictum
868 1733 909 1789 est,
922 1729 985 1792 quod
995 1732 1018 1776 ei
1025 1733 1143 1792 papnunti
1154 1731 1202 1778 tela

203 1795 367 1841 nunutrdaset.
405 1792 473 1841 Unde
485 1796 582 1841 etiamn
592 1794 774 1856 feliciauyurio
793 1799 877 1841 natum
895 1795 1079 1856 esculapius
1097 1795 1202 1843 militum

202 1859 275 1969 Ziqua·
285 1859 431 1906 comitentur.
465 1856 586 1936 Arduum]
605 1857 700 1905 Similes
705 1873 807 1970 persusb
812 1859 923 1906 observes
942 1873 1035 1937 supe..¹
1048 1858 1135 1920 virgil.
1148 1859 1201 1909 III.

202 1923 1202 2051 ..illul...lnttmttltluttlztantillulltlll:

202 2050 274 2100 Adde
297 2051 390 2100 Sedulii
413 2053 494 2101 Carm.
514 2052 568 2102 III.
588 2053 650 2107 316;
671 2052 766 2100 Auscn.
786 2051 860 2115 Idyll.
879 2052 954 2100 XIX.
967 2055 989 2101 6.
1032 2053 1201 2116 Ganymedem

202 2121 285 2165 autem
296 2117 325 2164 ab
336 2117 418 2179 aquila
432 2124 530 2179 raptum
547 2117 630 2173 fuisse,
650 2116 744 2164 colonia
761 2117 836 2165 Troas
848 2132 891 2179 per
901 2118 1009 2180 aquilam
1019 2118 1045 2166 in
1057 2119 1139 2166 numia
1151 2125 1200 2166 tes-

201 2181 247 2228 tari
263 2181 367 2229 voluisse
386 2181 481 2229 videtur
499 2181 631 2230 Vaillantio
642 2181 672 2228 de
682 2197 750 2229 num.
763 2181 849 2230 Calon.
862 2183 927 2231 Part.
942 2183 979 2232 II.
997 2198 1020 2245 p.
1034 2183 1201 2234 atu—scu.

201 2245 338 2294 tutamen
355 2245 453 2308 ardum]
477 2245 516 2293 Sic
529 2247 603 2308 EGg.
613 2253 733 2308 corrupte.
756 2246 795 2294 lte
806 2253 883 2295 tamen
899 2250 1002 2296 arduum
1013 2248 1042 2296 B.
1060 2247 1099 2295 llic
1114 2251 1201 2296 etenim

200 2311 302 2360 arduum
313 2327 333 2360 s.
348 2315 370 2360 is
382 2314 445 2358 enim
463 2317 556 2358 aretum
566 2312 589 2359 b.
624 2311 687 2358 Puto
698 2311 789 2359 fuisse:
806 2311 844 2358 lic
857 2312 1010 2370 Catamitum,
1020 2313 1060 2360 cui
1071 2328 1122 2360 vac.
1132 2313 1201 2361 velut

199 2391 244 2438 per
267 2376 412 2439 epexegesin
433 2375 594 2437 subjungatur
615 2373 749 2438 Pluypium
772 2374 932 2439 Ganymeden.
954 2377 998 2438 (sic
1015 2378 1125 2425 scribunt
1143 2379 1199 2427 ΕΒ.

203 2440 364 2502 Ganymedem
374 2439 483 2502 negeb.)
517 2440 648 2503 (Siculum
660 2441 764 2488 aseendit
776 2447 854 2488 tomen
870 2443 960 2489 arduus
979 2445 1088 2504 amniyer,
1106 2443 1145 2491 lic
1157 2449 1200 2491 est.

203 2504 328 2567 Unyuilus
345 2508 368 2554 is
383 2507 464 2554 nocuis
479 2519 504 2565 g.
529 2505 635 2568 suspicio
655 2505 745 2569 partim
767 2505 940 2569 improbabilis,
962 2507 1052 2570 partim
1072 2508 1199 2570 perspicue

200 2569 262 2618 falsa
273 2570 299 2618 iu
311 2586 349 2620 vv.
360 2575 382 2618 is
392 2568 583 2629 noman-on

235 2637 290 2682 318.
310 2634 434 2699 Unpuibus
460 2632 772 2698 innervis—Ganymedem]
804 2634 909 2683 Nounus
932 2635 1005 2684 Dion.
1027 2635 1084 2683 XV.
1104 2651 1127 2683 v.
1144 2638 1201 2696 280,

219 2701 301 2748 ,428ε
320 2699 372 2748 Kal
389 2699 450 2756 Διὸς
470 2698 590 2762 οἰνοχόος
609 2697 672 2748 πέλε
691 2697 813 2761 uestrae,
831 2697 915 2748 lutra
927 2698 1024 2757 κάλλος
1042 2697 1202 2764 Φειδομένοις

199 2714 343 2828 5νύχεσσιν
358 2762 489 2828 ἐκούφισεν
500 2762 629 2828 ὑψιπέτης
646 2761 716 2821 Ζεύς.
748 2763 784 2811 Et
800 2764 870 2813 Jouis
884 2768 1000 2827 pincerna
1010 2767 1065 2827 suit
1082 2762 1201 2827 bubulcus,

200 2845 269 2891 quem
278 2829 376 2892 Jupiter
383 2838 482 2892 propter
483 2833 569 2892 fornae
577 2831 763 2894 pulcritudinem
772 2833 799 2877 in
807 2831 881 2878 altum
892 2831 988 2878 sustulit
1003 2829 1120 2893 unputbus
1132 2834 1201 2878 inno-

200 2897 258 2942 cuis.
292 2895 409 2942 Similiter
419 2893 484 2944 idem
496 2897 605 2958 loquitur
616 2896 660 2943 lib.
673 2894 771 2943 XXIV.
783 2909 805 2942 v.
819 2893 859 2953 97,
870 2911 893 2958 p.
904 2896 959 2952 624,
972 2902 997 2943 et
1007 2911 1030 2945 v.
1041 2897 1095 2953 120,
1107 2912 1129 2959 p.
1138 2897 1200 2953 626;

200 2965 226 3006 et
235 2958 317 3008 XXV.
330 2961 387 3020 432,
406 2967 431 3008 et
440 2960 520 3008 XIII.
533 2963 589 3019 214,
609 2968 633 3008 et
643 2959 691 3008 XI.
704 2960 759 3008 293.
793 2959 832 3007 Sic
852 2960 932 3008 Autor
950 2960 1046 3022 Elegiae
1064 2961 1090 3008 iu
1108 2961 1201 3008 Mecae-

200 3025 265 3072 netis
276 3024 378 3081 obitum,
390 3040 412 3072 v.
424 3027 462 3074 89.
496 3025 595 3074 Dicitur
606 3026 742 3101 dominator¹
755 3024 870 3088 Olympi:
888 3024 1002 3088 Aquilam
1018 3027 1108 3073 misisse
1123 3041 1201 3084 suam,

200 3089 774 3217 tlt.t}tut.:itlt.l?³tlttlt².tt
784 3089 1063 3218 littluultl‘
1076 3090 1201 3204 ..m

200 3218 231 3265 ad
248 3218 346 3266 AEueid.
357 3219 388 3268 V.
408 3233 432 3266 ν.
445 3223 500 3279 255,
519 3237 586 3283 seqq.
621 3219 734 3268 Custodes
755 3233 849 3282 quoque
870 3223 904 3267 sic
926 3220 1043 3268 tendentes
1063 3235 1148 3268 manus
1167 3221 1200 3268 ad

199 3285 277 3332 sidera
295 3282 451 3346 apparebant,
469 3290 538 3348 quasi
556 3288 656 3334 retinere
671 3290 775 3346 possent,
800 3300 868 3347 quem
880 3285 1018 3345 sanissime
1033 3285 1098 3333 alitis
1109 3290 1200 3334 tenaces

199 3349 322 3410 amplexus
332 3351 431 3396 innoxia
440 3351 570 3398 subtilitate
585 3348 724 3414 portabant.
757 3348 848 3397 Versus
859 3357 941 3397 autem
952 3349 992 3398 hic
1005 3357 1077 3407 totus,
1088 3357 1117 3397 ut
1126 3351 1199 3399 multi

199 3412 250 3470 elii,
276 3414 456 3461 imitamentum
486 3415 582 3464 videtur
610 3415 677 3462 illius
705 3413 835 3476 virgiliani
856 3414 954 3462 AEneid.
976 3413 1008 3463 V.
1026 3417 1090 3462 254:
1123 3415 1199 3472 Quem

194 3493 288 3540 propes
302 3478 334 3525 ad
348 3479 393 3526 ido
410 3478 539 3528 Sublimem
554 3479 650 3540 pedibus
660 3481 743 3540 rapuit
757 3478 827 3527 Joois
837 3481 1022 3542 omiiperuneis.
1056 3479 1081 3527 N
1083 3495 1114 3527 on
1123 3480 1199 3542 igitur

199 3543 303 3604 poenitet
314 3558 354 3591 me
367 3545 529 3601 correctionis,
550 3561 623 3607 quam
640 3551 676 3593 tot
693 3544 839 3606 scriptorum
858 3545 1011 3593 consentiens
1028 3544 1110 3593 firmat
1127 3553 1197 3593 auta-

198 3607 265 3655 ritas.
301 3608 358 3671 Ipse
379 3615 461 3656 autern
487 3609 642 3674 Ganymedes
663 3609 711 3657 luit
731 3608 797 3656 filius
818 3609 883 3671 regis
905 3609 983 3668 Trois,
1004 3624 1078 3672 quem
1094 3625 1109 3657 a
1125 3609 1198 3658 Patre

198 3671 296 3735 Jupiter
312 3673 381 3735 equis
397 3673 509 3735 redemit,
522 3682 547 3722 et
557 3674 613 3722 navi
623 3673 711 3736 squilae
723 3673 814 3736 insigni
825 3689 870 3721 usa
879 3675 1032 3736 absportavit,
1044 3682 1073 3722 ut
1082 3675 1199 3737 pincerna

199 3735 299 3784 deorum
317 3738 385 3786 foret.
421 3738 562 3799 Pausanias,
581 3739 622 3787 lib.
633 3739 664 3788 V.
684 3754 706 3786 c.
718 3740 764 3796 243
783 3739 906 3787 Homerus
926 3739 996 3788 Iliad.
1013 3739 1045 3787 Y.
1057 3746 1081 3786 et
1091 3739 1122 3795 Ε,
1141 3740 1197 3788 268.

200 3801 315 3864 Hyginus
333 3803 380 3850 tab.
398 3804 446 3850 224
456 3811 481 3851 et
492 3804 547 3862 271,
567 3812 591 3852 et
603 3805 671 3852 Poet.
683 3803 750 3852 Asta.
768 3803 810 3852 lib.
821 3804 847 3851 ii.
864 3805 890 3852 in
901 3802 1017 3867 Aquario.
1052 3802 1198 3864 Fulgentius

199 3866 337 3930 Mytholog.
357 3867 398 3915 lib.
413 3869 434 3925 1,
453 3883 474 3916 c.
487 3871 525 3917 18.
559 3869 652 3918 Aaron.
673 3868 748 3932 Idyll.
766 3868 829 3918 XII.
848 3884 871 3916 v.
884 3870 923 3917 86.
958 3869 1078 3916 Pindarus
1097 3867 1196 3932 Olymp.

201 3931 246 3980 Od.
259 3933 281 3978 1.
315 3932 429 3980 Clemens
439 3933 569 3982 Alexandr.
581 3934 686 3982 Admon.
697 3934 728 3980 ad
739 3933 812 3982 Gent.
824 3949 849 3996 p.
857 3949 891 3981 m.
901 3935 941 3981 23.
972 3933 1084 3981 lustinus
1093 3932 1196 3996 Apolog.

199 3995 236 4043 II.
252 4013 277 4058 p.
291 3994 328 4046 67.
363 3997 433 4045 Ovid.
444 3997 477 4046 X.
490 3999 652 4061 Metamorph.
663 4013 687 4046 s.
699 4001 754 4058 154,
765 3999 936 4060 sequ-Seli.

231 4063 286 4110 319.
305 4061 357 4118 Quo
368 4061 477 4125 Jupiter]
496 4063 526 4111 Id
538 4069 583 4121 est,
600 4078 643 4124 per
653 4063 722 4127 quod.
757 4062 822 4110 Nam
841 4062 889 4111 telo
908 4060 1036 4125 Cupidinis
1056 4060 1112 4123 (hoc
1129 4063 1196 4111 enim

199 4140 251 4174 esse
268 4126 372 4188 videtur)
392 4134 487 4176 tantum
502 4129 693 4178 incendebantur
708 4127 749 4186 dii,
767 4134 884 4191 quantum
897 4125 1195 4176 mortalem-SSIL—
