2902 4838
224 499 293 550 lxviii
691 514 768 552 uorat

225 641 256 690 de
266 655 351 704 qaaere
362 655 390 688 su
409 655 435 688 ra
446 639 477 688 ad
487 655 585 690 versum
596 643 652 701 842,
669 641 710 692 cni
720 641 774 691 loco
785 641 846 691 adde
857 640 1020 690 Ptolomaeum
1040 641 1222 706 Hephaestionis

224 705 312 764 liliam,
331 655 434 754 libulil.
469 705 822 757 ‚slo.-scH.—craeera
840 713 923 765 tenure
941 713 963 754 et
978 714 1073 771 surgent
1090 707 1221 770 aplustria]

225 771 255 820 de
265 786 290 833 g.
299 771 363 832 conj.
375 770 410 818 sb.
454 787 508 820 erra
518 777 585 820 1666
594 775 670 822 noxit
679 775 801 834 serpentia
809 773 915 836 plaste-ia
927 772 1116 835 Buca-ou.

257 835 315 884 626.
331 833 460 898 Nascitur]
480 837 510 885 ld
521 843 565 895 est,
582 837 735 886 horizontem
754 845 865 885 nostrum
883 837 964 900 magis
984 837 1166 900 transgreditur,
1184 837 1223 884 vel
1272 847 1277 856 ·

224 899 299 948 altius
314 901 455 964 provehitur
474 901 573 950 sensim.
607 901 696 950 Media
707 903 762 965 plus
771 899 867 964 arbore]
886 901 1016 952 Quomodo
1026 902 1090 966 plna,
1103 917 1160 950 cum
1171 902 1224 965 ipsa

224 980 274 1014 non
293 966 372 1028 major
388 965 428 1024 sit,
448 981 521 1028 quam
538 966 640 1030 epuppi
656 965 687 1014 ad
704 968 813 1016 arborem
833 966 884 1014 sive
905 967 1007 1016 malum.
1041 967 1130 1015 Forte:
1146 969 1224 1014 asadia

225 1035 291 1078 unus
308 1030 391 1080 arbace
403 1031 471 1080 lacet.
506 1031 631 1080 Avienus:
648 1031 719 1080 Malo
753 1038 841 1080 etenua
850 1046 898 1080 sese
908 1035 983 1080 exerit
995 1031 1063 1094 Arga.
1101 1031 1164 1080 Cum
1169 1032 1223 1090 jam

223 1094 346 1158 Virginem
362 1094 433 1144 ether
451 1095 514 1144 nebit
533 1097 606 1146 altior
622 1102 698 1146 artus.
742 1110 802 1144 nor.
836 1097 961 1145 Sententia
979 1096 1224 1145 Gennanicividetur

225 1175 278 1208 esse
288 1161 356 1209 haec:
375 1159 436 1208 Mali
446 1161 502 1223 plus
513 1161 579 1210 lucet
589 1177 661 1224 supra
672 1161 833 1210 Horiaontem
850 1177 925 1224 quam
942 1161 1042 1209 dimidia
1059 1177 1123 1224 pars.
1157 1162 1221 1208 Con·

223 1225 298 1274 sentit
309 1224 838 1288 001110066606110.-8οΗ.-00110(16.
855 1227 913 1288 (non
928 1227 991 1286 BE.)
1008 1227 1141 1274 Emendari
1150 1226 1223 1287 jussit

224 1305 249 1352 g.
265 1291 343 1338 media
353 1297 419 1338 1666
428 1291 511 1340 arbore
521 1293 537 1340 l.
549 1307 572 1354 g.
585 1292 673 1354 auspic.
684 1291 753 1355 prob.
764 1291 787 1339 b.
804 1291 953 1339 “Sententia
972 1292 1068 1339 videtur
1085 1307 1138 1339 esse
1154 1292 1221 1338 haec:

225 1353 288 1404 Mali
303 1355 359 1418 plus
378 1354 443 1403 lucet
461 1371 534 1418 super
553 1357 705 1404 horizontem
723 1371 797 1419 quam
816 1355 916 1405 dimidia
934 1371 997 1420 para.
1031 1355 1223 1404 Consentitcaeli

224 1419 407 1468 consideratio.'’
424 1419 673 1469 Scaurum-ott.

257 1485 313 1532 628.
331 1483 437 1547 11011000]
458 1486 538 1548 Lege:
556 1485 636 1534 Extat
647 1499 743 1533 aecana.
776 1484 851 1544 Alibi,
862 1486 894 1548 (a.
903 1484 961 1544 668)
974 1484 1105 1533 Centaurea
1116 1487 1142 1533 in
1153 1499 1224 1532 auras

225 1547 666 1613 Ecetra-Ga-scu—Eaeaa]
685 1549 714 1596 de
725 1564 748 1611 g.
760 1550 824 1612 conj.
835 1551 871 1598 sb.
889 1549 986 1598 Eailem
997 1549 1183 1612 Baua-01³„

257 1615 314 1662 660.
334 1614 448 1678 Celsaque
462 1617 550 1678 puppis
568 1614 654 1663 balet:
672 1613 756 1662 Cauda
773 1617 852 1663 nunus
868 1620 973 1662 attamen
987 1613 1043 1677 illa]
1062 1615 1222 1676 Legeudum:

226 1678 340 1743 Celsaque
346 1683 434 1742 puppis
445 1680 530 1728 labet:
546 1680 621 1728 cauda
632 1682 710 1727 minus
719 1685 825 1728 attamen
839 1680 932 1743 Hydra.
966 1679 1088 1742 Scriptum
1099 1679 1146 1726 tuit
1157 1679 1222 1727 ldra.

224 1747 323 1801 Aratus,
334 1759 355 1792 v.
364 1745 410 1792 611
420 1764 426 1794 z
438 1743 511 1793 Ἀλλ’
520 1740 581 1809 11666
592 1742 709 1808 (κέχυται
720 1743 755 1808 γὰ
782 1743 811 1791 ἓν
822 1743 926 1808 οὐρανῷ
935 1743 1016 1803 ἧλιθο
1024 1742 1123 1804 πολλὴ)
1134 1743 1223 1806 Οὐρῆς

224 1805 260 1856 ἄν
277 1805 370 1857 deiocro
386 1809 478 1873 μόνον.
504 1809 592 1859 Guor.
625 1807 682 1857 Abit
696 1823 739 1872 pro
750 1761 821 1858 iudet
832 1816 971 1858 verumeat.
1004 1809 1103 1869 Aratus,
1122 1825 1148 1856 v.
1159 1811 1222 1857 610:

224 1871 309 1938 Ἀργὼ
317 1870 370 1922 δὀὐ
380 1873 453 1938 μάλα
461 1874 534 1923 πᾶσα
545 1872 671 1938 μετῆορος
678 1873 779 1922 ἔσσεται
786 1871 1100 1937 ἤδη.-6οΗ.-Ιιοὺοι]
1110 1874 1223 1935 BEGgh.

224 1938 303 1987 adita.
316 1941 464 2002 praviconj.
508 1940 559 1989 Cir.
572 1939 698 1988 Schraderi
711 1939 822 1988 Observa.
833 1955 857 2003 p.
871 1940 910 1986 62.
944 1939 1002 1987 6011.
1015 1938 1040 1986 iu
1052 1940 1121 1988 Arati
1132 1954 1155 1987 v.
1168 1939 1223 1988 610.

225 2003 379 2060 sebredam,
399 2003 469 2053 Voss.
490 2005 584 2052 Buttm.
607 2004 685 2053 Bekk.
707 2005 835 2054 dederunt.
868 2001 951 2068 Ἀργὼ
974 2001 1030 2053 δὀὔ
1053 2003 1125 2068 μάλα
1148 2004 1222 2051 πᾶσα

224 2065 350 2133 μετήορος
366 2067 467 2118 ἔσσεται
485 2066 534 2128 ἤδη
550 2085 593 2132 pro
605 2069 666 2118 Cdd.
677 2069 707 2118 ad
718 2067 799 2134 μάλα,
811 2085 826 2118 e
836 2084 885 2132 qua
895 2068 952 2117 lect.
964 2069 1042 2132 decipi
1054 2086 1079 2118 ee
1090 2085 1175 2133 passus
1186 2077 1223 2118 est

225 2133 355 2182 Schwartz.
391 2131 743 2198 0060001161.τά66616,
760 2149 817 2191 non,
835 2134 900 2198 quod
915 2133 953 2183 illi
971 2134 1104 2193 videbatur,
1125 2131 1223 2197 6116λὴ.

224 2198 315 2262 (lbid.)
334 2197 432 2262 Hydra]
450 2200 479 2247 de
491 2215 514 2262 g.
525 2200 589 2260 conj.
600 2200 637 2248 ab.
654 2199 698 2247 illa
711 2199 898 2262 suaa—01³„

258 2264 314 2312 632.
331 2262 445 2312 Partibus
462 2264 529 2312 laud
545 2265 591 2313 alii
606 2270 697 2313 noctem
706 2265 826 2327 fluctuata
842 2279 951 2327 suprema
967 2271 1058 2312 noctem
1076 2263 1223 2312 000010000-

225 2330 310 2392 quitur
330 2328 405 2377 Carere
424 2329 497 2377 amul
513 2329 590 2378 Chele
602 2330 708 2392 fulgeat,
726 2345 779 2377 eum
797 2328 909 2392 Scorpius
925 2331 981 2387 crit,
1002 2331 1062 2377 Tam
1077 2332 1131 2376 totis
1141 2329 1224 2377 radiat

224 2393 475 2442 merubrismiscr'abe'le
485 2395 559 2444 udus.
598 2395 630 2444 Aa
641 2410 694 2442 caim
713 2400 793 2443 tantm
811 2392 877 2442 abit:
901 2402 1016 2456 mantum
1032 2395 1079 2442 lira
1095 2401 1177 2456 surgat
1192 2393 1222 2441 ab

224 2459 296 2506 undis
306 2457 372 2520 Arpa
382 2461 402 2508 ei
409 2462 454 2521 pia
463 2474 507 2507 aaa
518 2461 574 2508 cala
586 2460 688 2520 refertur
697 2458 788 2522 imago]
806 2458 898 2506 Versus
915 2461 988 2507 hosce
1004 2473 1100 2519 novem,
1118 2473 1223 2521 quorum

224 2523 298 2571 multi
310 2523 369 2571 adeo
382 2531 440 2573 sunt
449 2525 563 2587 corrupti,
584 2532 613 2574 ut
629 2522 698 2572 nulls
713 2524 789 2573 ferme
801 2538 855 2586 spes
867 2530 933 2571 esset
948 2523 974 2570 ia
990 2523 1113 2585 integrum
1124 2524 1223 2572 restitn-

224 2587 306 2646 tionia,
323 2603 368 2636 nos
384 2589 430 2637 hoc
446 2597 516 2651 pacto
527 2590 657 2638 reformare
669 2589 749 2637 conati
759 2603 858 2637 suanus:
877 2587 934 2636 Non
950 2588 1087 2646 infeliciter,
1105 2597 1133 2636 nt
1148 2594 1223 2651 putas

225 2653 293 2700 Nina
301 2668 364 2716 penu
374 2657 460 2718 species
468 2657 535 2718 Jleao
545 2657 607 2704 redit
618 2654 694 2703 ardua
705 2669 780 2714 crure,
798 2652 914 2702 Partibus
924 2653 990 2701 baud
999 2654 1069 2701 aliis:
1084 2661 1151 2702 nacta
1162 2655 1223 2702 eluc-

225 2721 277 2765 tata
294 2733 404 2780 suprema
418 2719 464 2768 Bis
474 2721 532 2768 salet
544 2721 588 2768 illa
599 2735 647 2767 una
657 2720 714 2768 calo
724 2719 879 2767 accendere
893 2725 976 2766 necte:
992 2718 1058 2766 Nam
1074 2722 1095 2767 si
1111 2717 1224 2768 Plataea

225 2798 315 2840 marus,
327 2785 382 2831 dum
394 2784 463 2846 longa
475 2788 538 2832 evenit
549 2801 605 2842 noa,
625 2783 714 2832 Occasu
724 2785 845 2847 sequitur:
861 2799 956 2831 rursum
959 2783 1029 2849 sapit
1038 2799 1150 2832 oceanum
1161 2790 1224 2834 ortu.

227 2849 309 2905 Grure,
320 2851 392 2897 simul
405 2849 590 2910 Chelasalgent,
599 2864 652 2897 cum
663 2848 775 2912 Scarpias
786 2851 842 2906 erit,
858 2849 932 2895 Haud
937 2853 1059 2896 cunctatus
1069 2849 1136 2897 abit:
1152 2864 1224 2912 quum

227 2911 316 2961 Chiron
333 2919 412 2977 serpet
428 2913 458 2962 ab
475 2915 544 2961 uadis
563 2917 680 2976 arcusque
691 2917 745 2976 ipsa
753 2915 795 2978 pio
807 2913 863 2962 coslo
874 2915 1083 2976 refereturimapo,
1099 2914 1158 2960 Jam
1168 2918 1225 2962 totis

225 2978 306 3026 radiat
323 2978 432 3027 merabris
448 2979 581 3027 miserabile
600 2981 675 3027 sidus.
719 2979 803 3026 Priora
821 2977 893 3027 clara.
938 2981 1070 3040 Sequentia
1092 2994 1148 3026 cnm
1170 2979 1223 3030 istie

226 3042 351 3092 Ciceronis
363 3044 445 3092 conier
463 3045 495 3105 (v.
508 3043 567 3105 661)
588 3044 615 3091 H
618 3047 639 3092 ic
648 3059 722 3106 genus
731 3049 754 3090 et
763 3059 844 3091 suram
854 3058 908 3091 cum
921 3042 1154 3106 611110ον19110110.Ι
1171 3044 1224 3106 lpse

224 3113 306 3155 autern
319 3124 423 3172 preceps
444 3109 542 3157 obscura
563 3117 629 3157 nacte
646 3113 747 3167 tenetur,
769 3107 837 3156 Dum
855 3109 926 3171 Nepa
941 3114 964 3155 et
980 3111 1110 3156 arcitenens
1121 3111 1225 3158 invisunt

225 3172 318 3221 lumina
337 3176 396 3222 coeli.
429 3174 494 3221 Nam
511 3189 588 3221 aecum
604 3172 708 3222 medium
723 3175 813 3236 pandet
830 3173 915 3236 Nepa:
931 3173 1011 3221 tollere
1023 3189 1079 3222 uera
1095 3173 1126 3221 ln
1141 3175 1224 3222 calum

226 3242 301 3286 tatum
312 3241 417 3286 exoriens
428 3237 554 3286 conabitur
565 3254 643 3287 arcus.
676 3239 781 3286 Versum
797 3253 875 3295 unum
893 3239 1037 3300 transposui,
1055 3239 1131 3286 Arato
1142 3245 1224 3300 postu·

225 3301 301 3352 lente.
333 3303 391 3352 Abit
402 3303 490 3352 dixisse
501 3304 604 3361 videtur,
622 3310 650 3351 ut
661 3319 734 3366 supra
743 3307 792 3350 cuit
802 3318 845 3365 pro
850 3303 947 3365 fielqct5
964 3311 988 3350 et
999 3305 1067 3351 eailit
1083 3318 1127 3364 pro
1138 3306 1223 3352 oritur.

226 3367 393 3416 Referendum
404 3375 485 3417 autem
497 3369 544 3416 boc
556 3370 658 3417 verbum
669 3369 742 3416 etiam
759 3368 789 3416 ad
804 3367 867 3415 illud
877 3368 1016 3430 praecedens
1027 3382 1102 3416 crure.
1137 3367 1225 3415 Chiron

226 3439 264 3480 est
284 3433 435 3495 Sagittarius,
456 3435 521 3496 quod
540 3434 561 3482 si
578 3434 632 3496 quis
649 3441 723 3495 neget
739 3433 889 3495 (quanquam
901 3447 946 3494 ego
959 3447 1007 3480 non
1020 3431 1130 3489 diffiteor,
1147 3433 1223 3480 satius

226 3511 280 3545 ease
299 3513 357 3546 eum
373 3499 403 3546 ad
420 3498 601 3547 distinctionem
613 3498 713 3547 alterius
724 3499 833 3547 centauri
849 3499 956 3546 Crotona
967 3497 1092 3560 appellari)
1105 3497 1222 3545 adducam

224 3561 287 3609 illud
306 3578 337 3610 ex
356 3563 501 3612 Catalectis:
522 3565 695 3627 Centaurusque
710 3579 780 3612 senes
796 3562 894 3621 Cdiran,
914 3568 937 3610 at
954 3577 1042 3610 cornua
1065 3562 1149 3624 Capri.
1190 3562 1225 3609 Et

224 3625 288 3674 illud
306 3643 361 3690 pag.
383 3629 444 3676 1642
473 3628 537 3676 'lum
552 3630 659 3691 peminus
679 3627 767 3675 Chiron
783 3633 805 3676 et
824 3627 940 3690 Corniger
957 3631 1058 3690 equoris
1076 3628 1129 3676 alta
1174 3627 1224 3674 Ubi

224 3695 333 3753 geminus
349 3693 411 3741 nihil
431 3693 498 3741 aliud
516 3701 561 3753 est,
580 3709 655 3756 quam
674 3692 789 3754 biformis.
829 3693 933 3740 Versum
946 3691 1179 3755 penultimumolim
1190 3692 1225 3740 ita

226 3755 384 3818 legebamus:
403 3759 604 3822 Arpmcsipsapio
615 3761 671 3807 cala
681 3761 796 3820 reseretur
807 3760 891 3820 imapo.
926 3757 999 3808 Quod
1016 3772 1155 3820 quanquam
1171 3772 1226 3820 pro·

226 3821 283 3883 pius
294 3823 325 3870 ad
337 3823 474 3883 lectionem,
487 3823 550 3872 nihil
560 3824 591 3872 ad
604 3839 712 3872 sensum.
736 3822 798 3871 Haec
809 3821 882 3871 lectio
892 3829 936 3870 aut
945 3838 1003 3870 vera
1013 3830 1055 3871 aut
1065 3821 1225 3871 verosimilis.

226 3888 299 3934 Pium
318 3890 402 3938 calam
420 3889 488 3946 dixit,
509 3895 537 3936 ut
554 3888 654 3950 Capella
665 3887 784 3950 Piamque
796 3889 902 3936 columen
913 3889 1063 3948 autculnun,
1078 3887 1143 3950 qnod
1159 3887 1225 3935 idem

229 3957 267 3998 est
289 3967 347 4000 cum
368 3969 405 4011 eo,
427 3955 492 4016 quod
513 3954 660 4017 praecedenti
681 3969 753 4001 versu
775 3953 875 4011 dixerat,
898 3953 950 4001 cali
972 3951 1059 4000 blanda
1079 3955 1225 4015 temperatio.

229 4015 310 4065 Simili
322 4019 394 4067 modo
401 4022 470 4082 pium
482 4019 546 4068 diem
558 4019 622 4067 idem
635 4025 704 4068 autor
715 4018 785 4079 dixit,
801 4025 830 4066 61
845 4019 871 4066 16
888 4018 978 4066 nostris
994 4017 1058 4066 notis
1076 4017 1225 4066 demonstra-
