2904 4848
243 515 285 564 riii
706 531 784 566 nora

246 655 532 770 SCH.—1noecidgia]
545 655 615 706 Anu
627 656 707 722 (prob.
719 658 754 722 g.)
765 659 801 707 sb.
818 661 844 707 in·
854 661 959 708 occiduis
971 659 1035 724 FPg.
1048 659 1133 722 (ibid.)
1148 666 1256 709 servant
1434 689 1437 728 p

246 726 294 771 cci
328 738 366 771 .r.
383 724 478 770 oon'.-
507 726 533 771 R.
1434 735 1435 742 ¹

279 739 326 836 6?
337 739 467 836 Verucini
478 788 585 850 quinque
598 788 627 835 de
645 787 710 836 Nixo
726 787 854 850 loquentes
865 789 930 836 maie
942 789 1108 838 desiderantur
1118 790 1145 838 in
1157 793 1253 838 Manu·
1428 775 1437 858 ,χ’

246 853 343 915 scripto,
361 852 387 900 in
404 867 452 914 quo
464 853 536 900 etiam
548 853 631 900 ordine
649 854 788 914 perturbato
807 853 944 901 Draconem
957 855 1066 916 sequitur
1076 855 1251 919 arctophylax,

246 917 440 981 arctophylacem
453 932 547 973 corona,
559 932 673 965 eoronam
690 918 834 979 ophiuchua‚
851 919 1000 980 ophiuehum
1011 921 1085 981 virgo.
1122 921 1251 968 Geor.-

247 982 469 1032 SCH.——66·ti9.
490 982 543 1030 Hor
560 983 666 1044 quinque
683 998 766 1030 versus
785 984 902 1031 omittunt
917 983 997 1032 ΒΕΘ.
1023 985 1119 1032 Habent
1138 985 1250 1033 AFR—

248 1049 346 1110 Efflqier
355 1045 422 1109 inde]
435 1048 487 1109 gab.
503 1049 605 1110 efficiens
615 1049 677 1095 unde
687 1047 853 1096 Ara-on.

280 1113 320 1160 66.
337 1111 394 1158 Non
412 1113 450 1160 illi
468 1111 565 1170 mosen]
583 1112 712 1175 Proprium
730 1113 842 1161 videlicet
863 1118 888 1160 et
909 1113 1042 1176 antiquitus
1062 1113 1170 1170 clarum3
1198 1115 1246 1162 etsi

246 1185 330 1240 portea
341 1177 475 1238 conjectata
487 1177 519 1224 sit
529 1193 543 1225 a
554 1177 630 1225 doctis
640 1177 698 1224 viris
708 1192 819 1238 persona,
837 1177 876 1226 cui
887 1183 912 1226 et
922 1179 999 1240 figura
1010 1178 1116 1226 coelestia
1128 1181 1244 1227 eonveni-

246 1249 292 1300 ret,
310 1248 335 1290 et
345 1256 434 1289 nomen
445 1241 576 1290 inderetur.
610 1241 666 1291 Vid.
677 1243 805 1299 Ariennm,
815 1250 840 1290 et
850 1257 905 1304 qnae
916 1244 945 1291 ad
954 1259 975 1292 v.
989 1244 1020 1292 74
1032 1244 1150 1293 dicemus.
1186 1247 1243 1292 Non

247 1310 327 1370 mayni
338 1321 409 1354 caasa
420 1304 520 1369 latmia]
539 1307 619 1366 idest,
638 1323 682 1355 cnr
692 1313 716 1354 et
726 1307 787 1369 quid
802 1307 902 1366 laboret,
919 1309 1050 1371 ignoratur.
1085 1309 1176 1357 Saltem
1192 1311 1242 1358 haec

247 1372 284 1420 vis
295 1371 359 1420 inest
370 1371 437 1419 hisee
448 1372 534 1430 verbis,
546 1372 567 1419 si
578 1373 645 1419 Arati
655 1378 764 1420 mentem
775 1373 893 1435 spectavit
904 1381 929 1422 et
936 1374 1070 1436 exprimere
1078 1373 1155 1421 voluit
1164 1374 1243 1422 Autor
1425 1385 1434 1402 ⁴

247 1443 337 1486 noster.
370 1435 457 1498 Itaque
475 1436 599 1497 Manibus,
618 1436 661 1486 lib.
678 1436 699 1484 I.
719 1437 774 1484 314.
807 1438 874 1484 Nica
891 1441 956 1486 uenit
973 1441 1059 1501 species
1072 1439 1179 1502 pertibus,
1196 1439 1242 1488 cibi

247 1505 340 1550 σοοσσίο
350 1501 539 1548 casm-scri.
547 1501 703 1549 —Numen
712 1501 874 1551 nuk-ott.

281 1567 321 1615 67.
337 1566 429 1625 Niara]
442 1566 516 1628 Agsb.
534 1569 594 1614 nica
605 1565 632 1613 F.
649 1569 714 1614 niara
724 1565 845 1614 P.—0R.

281 1632 320 1680 68.
340 1631 399 1679 Haec
410 1632 482 1678 verba
493 1631 587 1690 docent,
606 1631 752 1678 Gennanico
764 1632 826 1678 hane
837 1630 942 1692 effigiem
953 1646 1001 1678 non
1013 1631 1091 1679 visam
1107 1647 1160 1680 esse
1178 1633 1242 1680 Her·

249 1696 330 1745 aulem
348 1711 405 1743 enm
425 1696 536 1744 Dracone
554 1701 711 1757 pugnantem.
746 1696 824 1757 anna
843 1696 969 1744 sententiae
987 1696 1028 1744 alii
1046 1696 1154 1745 fuerunt.
1185 1697 1242 1746 Vid.

250 1761 343 1825 Hygin.
355 1761 424 1810 Po'e't.
433 1761 532 1808 Astron.
561 1761 680 1808 Fortassis
687 1760 782 1822 putavit
789 1776 842 1808 esse
853 1761 986 1808 Herculem
994 1777 1023 1808 ex
1031 1777 1113 1822 pugna
1121 1763 1242 1824 Ligurum

246 1827 350 1876 Isaeum·
384 1825 441 1876 Qua
452 1826 517 1873 dere
529 1824 629 1886 Capella
639 1823 684 1872 VI.
696 1825 725 1872 de
736 1832 805 1888 nupt.
817 1825 880 1873 Phil.
891 1841 916 1888 p.
929 1825 1242 1875 acaunum—Passa

249 1895 278 1939 A.
293 1893 375 1953 pausia
385 1890 598 1954 (F.)rgsb.-0R.

283 1957 322 2005 69.
341 1959 410 2004 Leve
420 1955 516 2018 scripsit
525 1953 694 2002 Germanicus.
729 1954 776 2002 Sed
788 1955 845 2016 quia
857 1955 940 2002 Critici
951 1955 1037 2018 prioris
1048 1955 1124 2003 seculi
1141 1959 1242 2004 Aratum

252 2022 367 2069 viderunt
377 2021 463 2082 pedem
473 2021 585 2068 dextrum
596 2019 738 2081 exprimere,
749 2034 822 2082 quem
834 2020 944 2081 sequitur
955 2019 1073 2077 Avienus,
1084 2019 1166 2068 locum
1177 2021 1242 2069 hunc

251 2093 416 2134 mutaverunt.
459 2085 506 2133 Sed
525 2085 657 2132 debuerant
673 2083 760 2132 saltem
781 2085 908 2147 Hyginum
929 2085 1063 2144 consulere,
1085 2085 1127 2146 qui
1148 2087 1242 2134 disertis

249 2152 328 2200 verbis
339 2151 380 2207 ait,
390 2149 453 2198 laevo
464 2150 524 2212 pede
534 2155 607 2212 capnt
617 2148 727 2196 draeonIs
738 2149 854 2212 opprimi:
872 2150 1003 2197 debuerant
1011 2150 1092 2212 ipsum
1101 2150 1176 2197 situm
1184 2166 1241 2198 oon-

250 2215 339 2276 sulere,
359 2214 401 2277 qui
419 2215 478 2262 satis
495 2214 593 2271 indicat,
612 2213 706 2261 Ninum
726 2215 810 2262 dextro
828 2215 899 2276 pede,
916 2214 1014 2262 sinistro
1033 2215 1106 2276 capiti
1124 2215 1242 2264 Draconis

249 2281 348 2329 instare.
378 2279 390 2325 Ι
409 2295 434 2327 se
445 2279 590 2327 Scholiastes
599 2278 696 2337 fatetur,
707 2280 790 2326 houm
801 2279 858 2341 poni
867 2279 985 2336 debuisse,
997 2279 1040 2326 sed
1047 2280 1088 2337 ait,
1100 2287 1128 2326 nt
1138 2280 1242 2340 Aratum

249 2353 356 2403 excuset,
370 2360 399 2392 ro
410 2341 534 2409 δεξιτεροῖο
543 2344 573 2391 ad
579 2340 719 2407 δράκοντος
727 2343 886 2401 referendum,
895 2351 923 2391 nt
931 2345 962 2392 sit
969 2341 1093 2408 δεξιτεροῦ
1102 2341 1243 2408 δράκοντος

249 2426 293 2474 pro
303 2407 458 2475 βορειοτέρε.
494 2409 542 2456 Sed
558 2424 605 2456 non
624 2408 759 2471 persuadet
780 2409 851 2456 Nota
867 2406 937 2457 nobis
953 2425 1026 2471 nngae
1044 2409 1242 2469 Scholiastarum,

249 2476 292 2538 qui
304 2490 430 2537 nunquam
442 2474 510 2522 fateri
521 2473 614 2531 volunt,
625 2480 735 2521 autorem
746 2489 818 2520 suurn
829 2477 929 2530 errtsse,
939 2474 986 2522 hoc
997 2481 1040 2533 est,
1048 2475 1174 2523 hominem
1182 2491 1242 2524 esse.

250 2541 337 2602 Itaque
349 2539 480 2588 sententias
492 2539 544 2600 ejus
554 2538 675 2586 mordicus
686 2538 799 2595 retinent,
816 2553 895 2600 neque
906 2555 1013 2600 unquam
1029 2540 1161 2601 patiuntur,
1179 2541 1241 2588 veri-

250 2611 325 2653 tatem
337 2604 460 2652 autoritati
471 2603 589 2667 praeserri.
623 2603 670 2650 Sed
680 2603 732 2664 ipse
744 2603 906 2650 Germanicus
917 2620 997 2652 nonne
1008 2605 1066 2651 satis
1076 2605 1140 2651 cavit
1150 2605 1203 2653 haec
1214 2607 1243 2653 de

249 2671 334 2718 dextro
344 2669 457 2732 intelligi,
468 2684 525 2716 cum
535 2667 666 2731 praejunxit
679 2667 770 2716 Dextro
779 2683 881 2730 nomque
889 2684 951 2730 penu
961 2673 1039 2716 omne.
1057 2669 1159 2717 Constat
1168 2671 1242 2728 enim,

249 2735 353 2783 alterum
373 2749 427 2782 esse
443 2733 529 2796 pedem
548 2748 595 2795 quo
612 2732 704 2790 nititur,
724 2748 798 2794 quam
817 2749 865 2795 qno
882 2734 996 2781 verticem
1014 2734 1131 2795 serpentis
1147 2737 1243 2796 premit.

250 2800 337 2862 Itaque
347 2798 496 2846 restituenda
505 2799 545 2846 hio
558 2797 698 2845 Germanici
708 2796 781 2845 lectio
791 2806 860 2846 vetus
871 2804 895 2846 et
905 2813 968 2856 vera,
977 2799 1072 2846 etiamsi
1079 2806 1162 2846 eontra
1174 2800 1244 2848 Arati

249 2873 365 2922 mentem,
385 2880 399 2912 a
416 2878 465 2926 qna
483 2863 604 2911 discedere
623 2862 770 2910 Germanico
780 2878 830 2911 non
842 2869 892 2911 tam
903 2863 985 2911 stricta
996 2863 1088 2924 religio,
1108 2871 1135 2911 ut
1146 2872 1171 2912 et
1181 2864 1244 2912 infra

250 2930 398 2978 docebimus.
432 2929 496 2976 Cum
514 2929 560 2976 hac
578 2928 607 2974 de
625 2943 651 2974 re
669 2943 726 2974 curn
744 2935 844 2990 parente
861 2943 916 2975 meo
932 2928 994 2976 Jano
1013 2928 1097 2975 Grotio
1109 2928 1242 2986 fabularer;

249 2995 343 3058 putarit
354 3001 423 3041 vetus
436 3009 488 3042 esse
506 2994 533 3040 in
551 2993 626 3040 Arato
638 2993 754 3040 mendum
766 2999 790 3040 et
800 3008 897 3041 versum
909 3009 986 3040 unum
998 3000 1024 3040 et
1034 2993 1138 3040 alterum
1150 2994 1242 3042 deesse.

250 3059 338 3122 Itaque
347 3059 420 3107 hosce
431 3073 515 3106 versus
525 3058 587 3106 mihi
595 3056 742 3118 imaginatus
751 3071 814 3114 aum,
825 3073 873 3105 non
883 3065 933 3105 tam
941 3058 1005 3120 quod
1014 3073 1096 3105 revera
1107 3073 1147 3105 eos
1158 3065 1244 3120 putem

249 3125 341 3185 deesse,
354 3139 427 3186 qnam
438 3139 469 3171 ne
477 3126 579 3171 Aratum
589 3122 688 3172 omnino
695 3137 709 3169 a
717 3123 786 3170 nobis
795 3122 948 3170 indefensum
956 3123 1155 3184 relinqueremus.
1176 3123 1243 3185 Ergo

248 3190 283 3238 ita
293 3188 468 3237 restituendum
477 3203 583 3250 propono
592 3183 753 3248 :-Miooa›i'
764 3184 889 3251 ἐφύπερθε
902 3184 1005 3298 taphug»
1017 3187 1147 3251 Δεξιτεροῦ
1164 3185 1244 3245 ποδὸς

250 3255 329 3319 ἄκρον
341 3251 394 3316 ἔχει
404 3251 526 3318 μεγάλοιο
537 3251 623 3315 tinnire
634 3249 787 3315 Βεκέντροιο
797 3251 887 3309 πέλας.
894 3250 979 3317 μέσσῳ
999 3250 1133 3316 ’ἐφύπερθε
1146 3251 1250 3318 rapiunt

249 3316 389 3382 Λαιοτεροῦ
411 3315 490 3374 ποδὸς
507 3317 588 3381 ἄκρον
606 3315 659 3380 ἔχει
679 3315 790 3364 σκολιοῖο
810 3315 957 3382 δράκοντος,
979 3317 1014 3364 Et
1030 3317 1106 3368 rideri
1123 3319 1199 3378 possit
1214 3313 1256 3366 ex*
1427 3339 1432 3346 ·

249 3400 337 3433 vocum
348 3383 506 3432 similitudine
517 3389 589 3430 natus
601 3397 678 3430 error:
696 3389 720 3430 et
732 3398 817 3430 verum
828 3389 873 3442 est,
889 3382 976 3445 pedem
989 3383 1108 3438 dextrum,
1126 3397 1173 3444 quo
1185 3383 1242 3430 niti·

249 3456 297 3507 tur,
314 3449 436 3510 attingam
452 3453 526 3509 caput
542 3446 726 3510 arctophylacis,
744 3453 768 3494 et
787 3447 901 3495 baculum
921 3447 971 3494 sive
990 3444 1152 3510 καλάοροπσ.
1197 3448 1244 3495 Sed

249 3515 303 3563 haec
315 3520 396 3561 nostra
407 3513 508 3560 somnia.
543 3513 628 3560 Gnor.
669 3512 741 3560 Lava
752 3527 797 3574 ego
809 3512 869 3559 item
880 3527 910 3560 ex
927 3512 1027 3574 Capella
1042 3512 1097 3572 lego
1114 3511 1156 3559 lib.
1168 3511 1244 3561 VIII.

250 3581 280 3628 de
292 3585 360 3642 nupt.
373 3577 461 3626 Philoi.
473 3592 528 3640 pag.
538 3575 844 3638 tra-scn—Foqu
853 3591 877 3638 g.
899 3592 943 3624 err.
957 3584 1050 3638 typogr.
1072 3576 1157 3637 (Ibid.)
1175 3575 1244 3639 luva]

249 3660 274 3707 g.
288 3645 351 3706 conj.
363 3659 383 3691 s.
400 3657 461 3690 aava
475 3641 565 3704 AFPg.
583 3657 657 3690 sceva
668 3645 682 3667 “
695 3641 828 3689 Scriverius
839 3657 852 3688 e
865 3641 952 3689 Codice
964 3640 1012 3701 (t)’'
1022 3642 1047 3689 b.
1065 3642 1113 3689 Sed
1119 3657 1245 3703 nunquam

249 3717 328 3758 totum
339 3723 382 3771 per
392 3710 478 3769 po'e'ma
488 3707 535 3754 hoo
546 3721 596 3754 voc.
610 3721 669 3754 nsua
681 3713 718 3754 est
730 3706 899 3754 Germanicus.
935 3706 1082 3768 Suspectum
1093 3712 1130 3754 est
1138 3721 1212 3754 sceva
1220 3708 1243 3754 h.

251 3777 272 3823 l.
285 3774 358 3822 etiarn
368 3779 465 3835 propter
473 3772 572 3819 brevem
583 3770 701 3834 syllabam
712 3771 896 3832 praecedentem.
901 3771 987 3818 -ORr
1088 3803 1092 3809 ι

282 3840 321 3888 70.
340 3838 389 3886 Hic
400 3851 484 3884 versus
496 3851 562 3883 nunc
572 3836 679 3898 primum
691 3836 784 3883 accedit
796 3852 809 3884 e
822 3839 874 3883 solo
886 3836 944 3884 Cod.
963 3834 1082 3884 A.-OR.

282 3901 388 3965 (tl-89.)
406 3901 459 3950 Hos
470 3916 554 3949 versus
568 3901 667 3962 (omisso
676 3916 699 3949 v.
712 3901 761 3960 83.)
779 3901 893 3949 exhibent
904 3901 966 3949 Cdd.
977 3899 1057 3948 BEG.
1070 3904 1125 3962 post
1135 3904 1247 3946 nostrum
1436 3942 1437 3956 ,

249 3984 272 4017 v.
284 3970 324 4018 95.
340 3967 440 4015 Habent
448 3966 495 4014 hoc
505 3965 558 4013 loco
570 3965 734 4013 AFP.-OR.

282 4031 323 4083 71.
342 4032 415 4081 cura
428 4031 546 4080 Ariadneo
556 4037 650 4078 sumata
660 4036 695 4078 eat
712 4034 765 4093 ipae
784 4027 884 4091 corona]
903 4028 1009 4092 Vulgati,
1029 4025 1246 4078 carantanum

247 4100 357 4159 proprius
376 4102 441 4144 stant
459 4099 527 4158 siyna
546 4111 641 4146 corona.
676 4095 803 4154 Manilius,
814 4094 843 4142 V.
857 4096 912 4153 250,
930 4096 1042 4143 tollentur
1052 4093 1082 4142 ab
1093 4093 1162 4142 undis
1175 4093 1246 4141 Clara
