2868 4848
639 597 790 644 Alteras.

215 740 262 806 Ac
277 739 395 825 rapidis
411 738 522 804 eadem
536 761 577 802 ne
594 738 713 803 solibus
729 747 846 803 aestuet
861 737 957 815 orbis,

213 825 353 904 Efficiet,
368 825 476 910 magni
492 825 583 909 signo
598 836 768 909 conspecta
782 823 912 890 Leonis.

212 910 347 996 Virgine
363 921 459 976 erunt
471 911 588 995 pluviae
603 910 756 996 plenique
770 911 804 974 in
819 911 907 975 nube
921 910 1072 996 fragores,

170 1069 174 1077 ¹
213 994 362 1062 Concava
376 1019 456 1082 quos
471 996 611 1060 reddunt
624 996 748 1061 incluso
762 996 874 1061 nubila
888 1007 994 1062 vento.
1177 1001 1208 1050 9⁶

214 1083 367 1148 Detrahit
381 1091 538 1147 autumno
549 1082 671 1167 pluvias
687 1082 863 1167 eademque
877 1083 1024 1183 replevit,

214 1168 367 1233 Nubibus
383 1167 516 1232 assiduis
532 1168 669 1251 caelum†
685 1168 726 1231 ob
740 1167 859 1252 frigora
898 1191 978 1234 nma

213 1254 432 1404 &Extremum
447 1254 595 1318 autumni
610 1263 764 1339 superent
777 1254 858 1338 glaci
893 1254 921 1318 'a
936 1265 1042 1321 terras.

240 1341 363 1426 corpios
378 1350 412 1404 at
426 1339 515 1417 raris,
532 1361 572 1403 ne
588 1340 666 1424 quid
681 1361 757 1405 cava
771 1350 856 1404 terra
868 1352 1030 1424 gravetur,

215 1425 372 1492 Horrebit
386 1425 510 1511 pluviis.
556 1425 604 1489 At
616 1425 692 1490 diris
706 1425 813 1491 omnia
825 1425 953 1491 nimbis·
1162 1431 1207 1479 1⁰⁰

214 1511 450 1596 Continuisque
464 1523 571 1590 ruent,
587 1534 688 1596 quum
701 1534 760 1596 per
774 1511 903 1576 sinuosa
916 1512 1039 1578 seretur

215 1599 344 1662 Cornua
360 1597 515 1662 Centauri
531 1598 639 1682 rapide
655 1598 795 1663 distenta
811 1595 946 1682 Sagitta.

213 1681 389 1767 AEgoceros
403 1683 521 1748 imbres
537 1695 570 1748 et
581 1683 691 1748 crebro
705 1683 839 1747 fulmine
853 1693 966 1770 ruptos

214 1769 367 1834 Nubibus
381 1769 478 1834 elidet
494 1769 623 1833 sonibus
638 1768 841 1854 tremuloque
856 1771 960 1834 nitore

213 1854 394 1939 Flagrantis
409 1855 466 1919 teli
480 1855 627 1920 mortalia
640 1854 763 1918 lumina
776 1855 891 1919 vincet.
1161 1858 1206 1905 1⁰⁶

215 1941 296 2006 Haeo
311 1941 423 2005 eadem
437 1941 576 2005 fundens
590 1940 736 2025 praedicit
751 1939 917 2025 Aquarius
931 1941 1076 2007 imbrem.

256 2027 407 2092 Extremi
421 2027 512 2091 saevis
526 2028 626 2091 maria
639 2027 873 2090 increbrescere
888 2028 991 2092 ventis

214 2110 396 2178 Ostendent
412 2112 530 2189 Pisces,
548 2111 684 2178 Veneris
699 2135 780 2198 quos
794 2112 886 2177 stella
901 2113 1032 2178 notarit.

212 2199 260 2263 Et
274 2199 426 2285 quoniam
442 2198 559 2281 certis†
575 2208 682 2262 exstat
696 2199 747 2262 via
761 2199 888 2282 cognita
903 2199 1011 2283 signis,

213 2283 346 2371 Accipe,
361 2285 438 2369 quid
452 2295 578 2348 moveat
591 2283 713 2348 mundo
729 2284 894 2370 Cyllenius
908 2285 1002 2369 ignis,
1162 2287 1208 2335 110

215 2371 249 2434 Si
263 2369 512 2435 modoPhoebei
526 2369 669 2434 flammas
684 2371 818 2435 evaserit
832 2371 913 2447 axis,

212 2457 379 2522 Matutine
392 2457 498 2522 ferens
513 2457 622 2520 solitos
637 2478 694 2541 per
709 2457 812 2521 sidera
825 2479 945 2521 cursus.

213 2542 325 2609 Quum
340 2543 471 2628 pecudis
485 2542 567 2606 villis
582 2543 687 2607 aurati
701 2542 827 2606 fulserit
841 2553 938 2620 astr0,

211 2628 458 2714 Ventorumque
473 2650 584 2713 graves
599 2640 633 2692 et
648 2628 725 2692 dirae
740 2629 902 2712 grandinis
916 2630 975 2692 irae

211 2713 287 2778 Non
301 2715 483 2779 intermisso
498 2714 659 2799 patiendae
674 2725 818 2800 tempore
834 2725 978 2798 surgent.
1159 2713 1204 2761 ¹¹⁶

211 2800 303 2867 Quin
319 2800 442 2885 pluvias
454 2801 531 2865 alias
546 2800 607 2864 alia
621 2800 657 2863 in
671 2801 802 2884 regione
816 2801 942 2865 notabis

210 2885 338 2964 Affore;
364 2908 428 2950 non
445 2887 530 2950 omni
546 2908 686 2970 namque
701 2896 751 2950 est
765 2897 842 2950 tunc
856 2887 959 2952 imber
972 2887 1006 2951 in
1023 2910 1106 2956 arvo.

210 2972 274 3037 Ast
287 2973 344 3036 ubi
359 2996 392 3036 se
407 2970 505 3036 Tauri
519 2972 653 3036 sinuatis
668 2973 817 3036 cornibus
831 2972 933 3051 effert,

210 3059 377 3122 Grandine
392 3058 560 3141 significat.
606 3058 753 3122 Geminis
768 3059 942 3142 tranquilla
956 3060 1076 3126 serenti

177 3207 178 3210 ,
209 3143 255 3208 Et
265 3144 426 3229 placidum
441 3144 549 3209 nautis
564 3144 701 3228 spondet
715 3143 893 3228 oaelumque
909 3145 1103 3231 fretumque,
1159 3149 1204 3196 ¹²⁰

209 3229 396 3314 Nubilaque
411 3241 509 3314 atque
525 3229 653 3308 imbres,
669 3241 766 3294 aestus
781 3253 817 3294 ac
831 3230 949 3314 frigora
964 3231 1085 3298 miscet.

209 3312 329 3379 Certus
344 3327 378 3379 at
392 3316 485 3380 ardor
500 3316 571 3392 crit,
588 3315 731 3401 quamvis
742 3317 836 3402 juvet
848 3338 925 3380 aura
941 3315 1073 3395 Favoni,

209 3399 321 3467 Quum
337 3403 417 3466 vasti
433 3402 533 3466 calida
547 3401 685 3466 radiabit
699 3403 773 3466 sede
791 3400 919 3466 Leonis.

207 3485 341 3572 Templa
354 3488 411 3551 sed
426 3486 547 3551 Astraei
563 3487 706 3551 simulac
721 3487 898 3571 possederit
912 3489 1008 3571 ignis,

208 3573 327 3637 Omnia
340 3573 444 3637 mixta
458 3573 550 3650 feret,
567 3573 689 3657 pluvias
705 3573 927 3638 tantummodo
942 3573 1052 3652 Libra,
1157 3578 1203 3626 125

209 3659 341 3744 Scorpio
356 3660 411 3723 sed
424 3659 547 3744 pluvias
561 3658 768 3723 meditabitur
781 3683 788 3736 3
813 3659 957 3744 undique
973 3662 1072 3738 venti,

208 3744 363 3830 Undique
378 3744 499 3828 grando
513 3745 613 3823 venit,
629 3755 824 3829 rumpuntur
839 3745 977 3810 culmina
992 3746 1120 3812 nimbis.

208 3830 366 3897 Centauri
382 3831 527 3914 attigerit
541 3853 643 3980 quum
655 3831 724 3916 jam
740 3830 904 3916 Cyllenius
920 3855 1040 3911 arcum,

207 3917 278 3982 Aut
292 3917 349 3981 ubi
362 3917 526 4000 consurgit
559 3915 754 4001 *aprioornus
770 3928 804 3981 et
818 3917 885 4001 ipse
901 3917 1056 3997 biformis,

207 4003 276 4068 Aut
290 4003 413 4066 subitos
428 4003 506 4067 caelo
522 4003 658 4067 deducet
673 4003 815 4066 crebrius
829 4004 960 4080 imbres,
1156 4007 1202 4054 130

206 4087 363 4155 Fulminis
377 4100 434 4154 ant
444 4091 535 4175 jactu
549 4111 701 4173 magnum
714 4100 903 4174 perrumpet
919 4089 1104 4174 Olympum.
1232 4093 1237 4101 '
