<?xml version="1.0" encoding="UTF-8"?>
<!DOCTYPE html PUBLIC "-//W3C//DTD XHTML 1.0 Transitional//EN"
    "http://www.w3.org/TR/xhtml1/DTD/xhtml1-transitional.dtd">
<html xmlns="http://www.w3.org/1999/xhtml" xml:lang="en" lang="en">
 <head>
  <title>
</title>
<meta http-equiv="Content-Type" content="text/html;charset=utf-8" />
  <meta name='ocr-system' content='tesseract 3.04.00' />
  <meta name='ocr-capabilities' content='ocr_page ocr_carea ocr_par ocr_line ocrx_word'/>
</head>
<body>
  <div class='ocr_page' id='page_1' title='image "./reliquiquextant00orelgoog_0091.png"; bbox 0 0 2868 4848; ppageno 0'>
   <div class='ocr_carea' id='block_1_1' title="bbox 226 569 804 632">
    <p class='ocr_par' dir='ltr' id='par_1_1' title="bbox 226 569 804 632">
     <span class='ocr_line' id='line_1_1' title="bbox 226 569 804 632; baseline -0.007 0"><span class='ocrx_word' id='word_1_1' title='bbox 226 569 268 632; x_wconf 83' lang='grc'><strong>58</strong></span> <span class='ocrx_word' id='word_1_2' title='bbox 647 583 804 628; x_wconf 80' lang='lat' dir='ltr'><strong>sormam.</strong></span> 
     </span>
    </p>
   </div>
   <div class='ocr_carea' id='block_1_2' title="bbox 225 723 1225 1932">
    <p class='ocr_par' dir='ltr' id='par_1_2' title="bbox 225 723 1225 1568">
     <span class='ocr_line' id='line_1_2' title="bbox 225 723 1222 813; baseline -0.006 -19"><span class='ocrx_word' id='word_1_3' title='bbox 225 729 328 795; x_wconf 85' lang='lat' dir='ltr'><strong>limite</strong></span> <span class='ocrx_word' id='word_1_4' title='bbox 343 727 406 794; x_wconf 89' lang='lat' dir='ltr'><strong>diei</strong></span> <span class='ocrx_word' id='word_1_5' title='bbox 419 727 553 794; x_wconf 85' lang='lat' dir='ltr'><strong>metitur</strong></span> <span class='ocrx_word' id='word_1_6' title='bbox 566 727 719 813; x_wconf 77' lang='lat' dir='ltr'><strong>spacium.</strong></span> <span class='ocrx_word' id='word_1_7' title='bbox 769 725 866 790; x_wconf 83' lang='lat' dir='ltr'>Unde</span> <span class='ocrx_word' id='word_1_8' title='bbox 886 735 921 790; x_wconf 87' lang='lat' dir='ltr'><strong>et</strong></span> <span class='ocrx_word' id='word_1_9' title='bbox 939 723 1016 810; x_wconf 88' lang='lat' dir='ltr'><strong>ipsis</strong></span> <span class='ocrx_word' id='word_1_10' title='bbox 1036 725 1128 811; x_wconf 89' lang='lat' dir='ltr'><strong>equis</strong></span> <span class='ocrx_word' id='word_1_11' title='bbox 1149 746 1222 790; x_wconf 90' lang='lat' dir='ltr'><strong>con·</strong></span> 
     </span>
     <span class='ocr_line' id='line_1_3' title="bbox 226 811 1221 900; baseline -0.006 -20"><span class='ocrx_word' id='word_1_12' title='bbox 226 816 324 900; x_wconf 90' lang='lat' dir='ltr'><strong>digna</strong></span> <span class='ocrx_word' id='word_1_13' title='bbox 349 815 479 880; x_wconf 89' lang='lat' dir='ltr'><strong>nomina</strong></span> <span class='ocrx_word' id='word_1_14' title='bbox 507 825 695 900; x_wconf 88' lang='lat' dir='ltr'><strong>posuerunt,</strong></span> <span class='ocrx_word' id='word_1_15' title='bbox 724 813 831 878; x_wconf 87' lang='lat' dir='ltr'><strong>idest</strong></span> <span class='ocrx_word' id='word_1_16' title='bbox 856 811 1057 897; x_wconf 80' lang='lat' dir='ltr'><strong>Erythraeus,</strong></span> <span class='ocrx_word' id='word_1_17' title='bbox 1084 811 1221 888; x_wconf 89' lang='lat' dir='ltr'><strong>AEthon,</strong></span> 
     </span>
     <span class='ocr_line' id='line_1_4' title="bbox 227 897 1223 988; baseline -0.006 -21"><span class='ocrx_word' id='word_1_18' title='bbox 227 901 394 988; x_wconf 87' lang='lat' dir='ltr'><strong>Lampros,</strong></span> <span class='ocrx_word' id='word_1_19' title='bbox 410 913 445 966; x_wconf 92' lang='lat' dir='ltr'><strong>et</strong></span> <span class='ocrx_word' id='word_1_20' title='bbox 460 899 653 984; x_wconf 86' lang='lat' dir='ltr'><strong>Philogoeus.</strong></span> <span class='ocrx_word' id='word_1_21' title='bbox 698 899 889 984; x_wconf 83' lang='lat' dir='ltr'><strong>Erythraeus</strong></span> <span class='ocrx_word' id='word_1_22' title='bbox 905 897 1020 963; x_wconf 81' lang='lat' dir='ltr'><strong>Graece</strong></span> <span class='ocrx_word' id='word_1_23' title='bbox 1034 898 1132 962; x_wconf 88' lang='lat' dir='ltr'><strong>ruber</strong></span> <span class='ocrx_word' id='word_1_24' title='bbox 1147 898 1223 962; x_wconf 91' lang='lat' dir='ltr'><strong>dici-</strong></span> 
     </span>
     <span class='ocr_line' id='line_1_5' title="bbox 227 984 1221 1074; baseline -0.005 -21"><span class='ocrx_word' id='word_1_25' title='bbox 227 999 291 1065; x_wconf 92' lang='lat' dir='ltr'><strong>tur,</strong></span> <span class='ocrx_word' id='word_1_26' title='bbox 324 987 409 1074; x_wconf 90' lang='lat' dir='ltr'><strong>quod</strong></span> <span class='ocrx_word' id='word_1_27' title='bbox 439 1010 458 1052; x_wconf 87' lang='lat' dir='ltr'><strong>a</strong></span> <span class='ocrx_word' id='word_1_28' title='bbox 487 985 646 1052; x_wconf 88' lang='lat' dir='ltr'><strong>matutino</strong></span> <span class='ocrx_word' id='word_1_29' title='bbox 682 985 803 1051; x_wconf 90' lang='lat' dir='ltr'><strong>lumine</strong></span> <span class='ocrx_word' id='word_1_30' title='bbox 839 984 1037 1050; x_wconf 87' lang='lat' dir='ltr'><strong>rubicundus</strong></span> <span class='ocrx_word' id='word_1_31' title='bbox 1072 994 1221 1068; x_wconf 84' lang='lat' dir='ltr'><strong>exurgat.</strong></span> 
     </span>
     <span class='ocr_line' id='line_1_6' title="bbox 227 1069 1223 1157; baseline -0.005 -19"><span class='ocrx_word' id='word_1_32' title='bbox 227 1073 352 1139; x_wconf 88' lang='lat' dir='ltr'><strong>AEthon</strong></span> <span class='ocrx_word' id='word_1_33' title='bbox 367 1073 495 1139; x_wconf 88' lang='lat' dir='ltr'><strong>lucidus</strong></span> <span class='ocrx_word' id='word_1_34' title='bbox 508 1072 636 1150; x_wconf 91' lang='lat' dir='ltr'><strong>dicitur,</strong></span> <span class='ocrx_word' id='word_1_35' title='bbox 652 1071 740 1157; x_wconf 91' lang='lat' dir='ltr'><strong>quod</strong></span> <span class='ocrx_word' id='word_1_36' title='bbox 762 1070 858 1136; x_wconf 87' lang='lat' dir='ltr'><strong>tertia</strong></span> <span class='ocrx_word' id='word_1_37' title='bbox 884 1069 962 1134; x_wconf 89' lang='lat' dir='ltr'><strong>hora</strong></span> <span class='ocrx_word' id='word_1_38' title='bbox 980 1071 1122 1136; x_wconf 79' lang='lat' dir='ltr'><strong>instante</strong></span> <span class='ocrx_word' id='word_1_39' title='bbox 1144 1070 1223 1134; x_wconf 88' lang='lat' dir='ltr'><strong>luci-</strong></span> 
     </span>
     <span class='ocr_line' id='line_1_7' title="bbox 227 1155 1222 1244; baseline -0.004 -20"><span class='ocrx_word' id='word_1_40' title='bbox 227 1160 296 1224; x_wconf 90' lang='lat' dir='ltr'><strong>dior</strong></span> <span class='ocrx_word' id='word_1_41' title='bbox 310 1159 442 1244; x_wconf 83' lang='lat' dir='ltr'><strong>fulgeat.</strong></span> <span class='ocrx_word' id='word_1_42' title='bbox 487 1157 643 1244; x_wconf 84' lang='lat' dir='ltr'><strong>Lampros</strong></span> <span class='ocrx_word' id='word_1_43' title='bbox 667 1180 742 1222; x_wconf 87' lang='lat' dir='ltr'><strong>vcro</strong></span> <span class='ocrx_word' id='word_1_44' title='bbox 765 1156 875 1222; x_wconf 90' lang='lat' dir='ltr'><strong>lucens</strong></span> <span class='ocrx_word' id='word_1_45' title='bbox 890 1155 941 1220; x_wconf 91' lang='lat' dir='ltr'><strong>vel</strong></span> <span class='ocrx_word' id='word_1_46' title='bbox 954 1157 1069 1220; x_wconf 87' lang='lat' dir='ltr'><strong>ardens</strong></span> <span class='ocrx_word' id='word_1_47' title='bbox 1094 1156 1222 1233; x_wconf 88' lang='lat' dir='ltr'><strong>dicitur,</strong></span> 
     </span>
     <span class='ocr_line' id='line_1_8' title="bbox 229 1243 1225 1332; baseline -0.005 -22"><span class='ocrx_word' id='word_1_48' title='bbox 229 1245 316 1332; x_wconf 93' lang='lat' dir='ltr'><strong>quod</strong></span> <span class='ocrx_word' id='word_1_49' title='bbox 331 1245 369 1311; x_wconf 88' lang='lat' dir='ltr'><strong>fit</strong></span> <span class='ocrx_word' id='word_1_50' title='bbox 383 1244 460 1310; x_wconf 90' lang='lat' dir='ltr'><strong>dum</strong></span> <span class='ocrx_word' id='word_1_51' title='bbox 482 1245 523 1310; x_wconf 89' lang='lat' dir='ltr'><strong>ad</strong></span> <span class='ocrx_word' id='word_1_52' title='bbox 545 1244 731 1320; x_wconf 83' lang='lat' dir='ltr'><strong>umbilicum</strong></span> <span class='ocrx_word' id='word_1_53' title='bbox 754 1243 818 1308; x_wconf 90' lang='lat' dir='ltr'><strong>diei</strong></span> <span class='ocrx_word' id='word_1_54' title='bbox 841 1251 952 1308; x_wconf 89' lang='lat' dir='ltr'><strong>contra</strong></span> <span class='ocrx_word' id='word_1_55' title='bbox 974 1243 1126 1309; x_wconf 75' lang='lat' dir='ltr'><strong>arcticum</strong></span> <span class='ocrx_word' id='word_1_56' title='bbox 1149 1264 1225 1306; x_wconf 93' lang='lat' dir='ltr'><strong>con-</strong></span> 
     </span>
     <span class='ocr_line' id='line_1_9' title="bbox 226 1328 1225 1414; baseline -0.004 -18"><span class='ocrx_word' id='word_1_57' title='bbox 226 1331 385 1396; x_wconf 80' lang='lat' dir='ltr'><strong>scanderit</strong></span> <span class='ocrx_word' id='word_1_58' title='bbox 394 1330 559 1396; x_wconf 90' lang='lat' dir='ltr'><strong>circulum.</strong></span> <span class='ocrx_word' id='word_1_59' title='bbox 604 1328 788 1414; x_wconf 85' lang='lat' dir='ltr'><strong>Philogaeus</strong></span> <span class='ocrx_word' id='word_1_60' title='bbox 801 1329 1225 1394; x_wconf 83' lang='lat' dir='ltr'><strong>Graeceterramamensdi-</strong></span> 
     </span>
     <span class='ocr_line' id='line_1_10' title="bbox 226 1415 1223 1568; baseline -0.004 -86"><span class='ocrx_word' id='word_1_61' title='bbox 226 1418 320 1495; x_wconf 92' lang='lat' dir='ltr'><strong>citur,</strong></span> <span class='ocrx_word' id='word_1_62' title='bbox 335 1416 424 1568; x_wconf 61' lang='lat' dir='ltr'><strong>guod</strong></span> <span class='ocrx_word' id='word_1_63' title='bbox 438 1417 516 1483; x_wconf 88' lang='lat' dir='ltr'><strong>hora</strong></span> <span class='ocrx_word' id='word_1_64' title='bbox 530 1439 614 1482; x_wconf 88' lang='lat' dir='ltr'><strong>nona</strong></span> <span class='ocrx_word' id='word_1_65' title='bbox 628 1415 799 1500; x_wconf 84' lang='lat' dir='ltr'><strong>proclivior</strong></span> <span class='ocrx_word' id='word_1_66' title='bbox 813 1437 946 1500; x_wconf 87' lang='lat' dir='ltr'><strong>vergens</strong></span> <span class='ocrx_word' id='word_1_67' title='bbox 961 1416 1087 1480; x_wconf 89' lang='lat' dir='ltr'><strong>occasui</strong></span> <span class='ocrx_word' id='word_1_68' title='bbox 1101 1437 1223 1500; x_wconf 89' lang='lat' dir='ltr'><strong>pronus</strong></span> 
     </span>
     <span class='ocr_line' id='line_1_11' title="bbox 226 1503 401 1568; baseline 0 0"><span class='ocrx_word' id='word_1_69' title='bbox 226 1503 334 1568; x_wconf 90' lang='lat' dir='ltr'><strong>incum</strong></span> <span class='ocrx_word' id='word_1_70' title='bbox 357 1516 401 1568; x_wconf 86' lang='lat' dir='ltr'><strong>et.</strong></span> 
     </span>
    </p>

    <p class='ocr_par' dir='ltr' id='par_1_3' title="bbox 226 1586 1225 1932">
     <span class='ocr_line' id='line_1_12' title="bbox 271 1586 1225 1674; baseline -0.003 -20"><span class='ocrx_word' id='word_1_71' title='bbox 271 1590 367 1654; x_wconf 86' lang='lat' dir='ltr'><strong>Luna</strong></span> <span class='ocrx_word' id='word_1_72' title='bbox 382 1589 475 1654; x_wconf 89' lang='lat' dir='ltr'><strong>terris</strong></span> <span class='ocrx_word' id='word_1_73' title='bbox 490 1587 622 1656; x_wconf 89' lang='lat' dir='ltr'><strong>vicinior</strong></span> <span class='ocrx_word' id='word_1_74' title='bbox 632 1598 692 1664; x_wconf 88' lang='lat' dir='ltr'><strong>est,</strong></span> <span class='ocrx_word' id='word_1_75' title='bbox 709 1609 805 1672; x_wconf 85' lang='lat' dir='ltr'><strong>quam</strong></span> <span class='ocrx_word' id='word_1_76' title='bbox 822 1586 888 1663; x_wconf 89' lang='lat' dir='ltr'><strong>Sol,</strong></span> <span class='ocrx_word' id='word_1_77' title='bbox 904 1587 969 1651; x_wconf 87' lang='lat' dir='ltr'><strong>sive</strong></span> <span class='ocrx_word' id='word_1_78' title='bbox 989 1609 1087 1674; x_wconf 88' lang='lat' dir='ltr'><strong>quam</strong></span> <span class='ocrx_word' id='word_1_79' title='bbox 1106 1596 1225 1652; x_wconf 88' lang='lat' dir='ltr'><strong>caetera</strong></span> 
     </span>
     <span class='ocr_line' id='line_1_13' title="bbox 226 1671 1225 1758; baseline -0.002 -18"><span class='ocrx_word' id='word_1_80' title='bbox 226 1675 366 1740; x_wconf 79' lang='lat' dir='ltr'><strong>errantia</strong></span> <span class='ocrx_word' id='word_1_81' title='bbox 379 1675 492 1740; x_wconf 87' lang='lat' dir='ltr'><strong>sidera.</strong></span> <span class='ocrx_word' id='word_1_82' title='bbox 538 1672 634 1739; x_wconf 90' lang='lat' dir='ltr'><strong>Unde</strong></span> <span class='ocrx_word' id='word_1_83' title='bbox 649 1684 683 1736; x_wconf 90' lang='lat' dir='ltr'><strong>et</strong></span> <span class='ocrx_word' id='word_1_84' title='bbox 697 1673 841 1738; x_wconf 91' lang='lat' dir='ltr'><strong>breviore</strong></span> <span class='ocrx_word' id='word_1_85' title='bbox 856 1671 934 1738; x_wconf 89' lang='lat' dir='ltr'><strong>orbe</strong></span> <span class='ocrx_word' id='word_1_86' title='bbox 948 1673 1083 1739; x_wconf 88' lang='lat' dir='ltr'><strong>celerius</strong></span> <span class='ocrx_word' id='word_1_87' title='bbox 1097 1673 1225 1758; x_wconf 86' lang='lat' dir='ltr'><strong>peragit</strong></span> 
     </span>
     <span class='ocr_line' id='line_1_14' title="bbox 228 1758 1225 1842; baseline -0.004 -16"><span class='ocrx_word' id='word_1_88' title='bbox 228 1783 356 1826; x_wconf 89' lang='lat' dir='ltr'><strong>cursum</strong></span> <span class='ocrx_word' id='word_1_89' title='bbox 366 1783 470 1826; x_wconf 89' lang='lat' dir='ltr'><strong>suum.</strong></span> <span class='ocrx_word' id='word_1_90' title='bbox 516 1759 684 1837; x_wconf 89' lang='lat' dir='ltr'><strong>Namiter,</strong></span> <span class='ocrx_word' id='word_1_91' title='bbox 720 1760 786 1824; x_wconf 88' lang='lat' dir='ltr'><strong>uod</strong></span> <span class='ocrx_word' id='word_1_92' title='bbox 798 1758 854 1824; x_wconf 89' lang='lat' dir='ltr'><strong>Sol</strong></span> <span class='ocrx_word' id='word_1_93' title='bbox 866 1761 1017 1825; x_wconf 83' lang='lat' dir='ltr'><strong>trecentis</strong></span> <span class='ocrx_word' id='word_1_94' title='bbox 1031 1770 1064 1824; x_wconf 89' lang='lat' dir='ltr'><strong>et</strong></span> <span class='ocrx_word' id='word_1_95' title='bbox 1075 1761 1225 1842; x_wconf 86' lang='lat' dir='ltr'><strong>sexagin-</strong></span> 
     </span>
     <span class='ocr_line' id='line_1_15' title="bbox 227 1782 1225 1932; baseline -0.004 -20"><span class='ocrx_word' id='word_1_96' title='bbox 227 1847 406 1932; x_wconf 89' lang='lat' dir='ltr'><strong>taquinque</strong></span> <span class='ocrx_word' id='word_1_97' title='bbox 433 1847 545 1911; x_wconf 87' lang='lat' dir='ltr'><strong>dicbus</strong></span> <span class='ocrx_word' id='word_1_98' title='bbox 568 1857 602 1910; x_wconf 93' lang='lat' dir='ltr'><strong>et</strong></span> <span class='ocrx_word' id='word_1_99' title='bbox 626 1867 685 1910; x_wconf 83' lang='lat' dir='ltr'><strong>sex</strong></span> <span class='ocrx_word' id='word_1_100' title='bbox 698 1782 794 1910; x_wconf 75' lang='lat' dir='ltr'><strong>lictis</strong></span> <span class='ocrx_word' id='word_1_101' title='bbox 816 1845 953 1930; x_wconf 78' lang='lat' dir='ltr'><strong>peragit,</strong></span> <span class='ocrx_word' id='word_1_102' title='bbox 979 1846 1074 1911; x_wconf 89' lang='lat' dir='ltr'><strong>Luna</strong></span> <span class='ocrx_word' id='word_1_103' title='bbox 1095 1846 1225 1929; x_wconf 87' lang='lat' dir='ltr'><strong>viginti·</strong></span> 
     </span>
    </p>
   </div>
   <div class='ocr_carea' id='block_1_3' title="bbox 228 1931 1226 2082">
    <p class='ocr_par' dir='ltr' id='par_1_4' title="bbox 228 1931 1226 2082">
     <span class='ocr_line' id='line_1_16' title="bbox 228 1931 1226 2082; baseline -0.001 -85"><span class='ocrx_word' id='word_1_104' title='bbox 228 1943 351 2017; x_wconf 82' lang='lat' dir='ltr'><strong>septem</strong></span> <span class='ocrx_word' id='word_1_105' title='bbox 363 1933 476 1998; x_wconf 85' lang='lat' dir='ltr'><strong>diebus</strong></span> <span class='ocrx_word' id='word_1_106' title='bbox 492 1944 526 1997; x_wconf 91' lang='lat' dir='ltr'><strong>ct</strong></span> <span class='ocrx_word' id='word_1_107' title='bbox 536 1942 609 1996; x_wconf 90' lang='lat' dir='ltr'><strong>octo</strong></span> <span class='ocrx_word' id='word_1_108' title='bbox 623 1931 709 1996; x_wconf 86' lang='lat' dir='ltr'><strong>horis</strong></span> <span class='ocrx_word' id='word_1_109' title='bbox 722 1931 897 2082; x_wconf 65' lang='lat' dir='ltr'><strong>percurrim</strong></span> <span class='ocrx_word' id='word_1_110' title='bbox 914 1932 1040 2016; x_wconf 89' lang='lat' dir='ltr'><strong>singula</strong></span> <span class='ocrx_word' id='word_1_111' title='bbox 1049 1954 1123 1996; x_wconf 90' lang='lat' dir='ltr'><strong>vero</strong></span> <span class='ocrx_word' id='word_1_112' title='bbox 1134 1933 1226 2015; x_wconf 90' lang='lat' dir='ltr'><strong>signa</strong></span> 
     </span>
    </p>
   </div>
   <div class='ocr_carea' id='block_1_4' title="bbox 228 2017 1310 4166">
    <p class='ocr_par' dir='ltr' id='par_1_5' title="bbox 228 2017 1310 4166">
     <span class='ocr_line' id='line_1_17' title="bbox 231 2017 1225 2084; baseline -0.003 0"><span class='ocrx_word' id='word_1_113' title='bbox 231 2019 287 2084; x_wconf 91' lang='lat' dir='ltr'><strong>Sol</strong></span> <span class='ocrx_word' id='word_1_114' title='bbox 302 2019 429 2084; x_wconf 82' lang='lat' dir='ltr'><strong>tricenis</strong></span> <span class='ocrx_word' id='word_1_115' title='bbox 444 2018 558 2084; x_wconf 88' lang='lat' dir='ltr'><strong>diebus</strong></span> <span class='ocrx_word' id='word_1_116' title='bbox 573 2028 606 2082; x_wconf 91' lang='lat' dir='ltr'><strong>et</strong></span> <span class='ocrx_word' id='word_1_117' title='bbox 620 2018 710 2082; x_wconf 84' lang='lat' dir='ltr'><strong>denis</strong></span> <span class='ocrx_word' id='word_1_118' title='bbox 746 2019 809 2082; x_wconf 88' lang='lat' dir='ltr'><strong>oris</strong></span> <span class='ocrx_word' id='word_1_119' title='bbox 825 2040 861 2082; x_wconf 87' lang='lat' dir='ltr'><strong>ac</strong></span> <span class='ocrx_word' id='word_1_120' title='bbox 876 2018 1015 2083; x_wconf 77' lang='lat' dir='ltr'><strong>semisse.</strong></span> <span class='ocrx_word' id='word_1_121' title='bbox 1062 2017 1156 2082; x_wconf 88' lang='lat' dir='ltr'><strong>Luna</strong></span> <span class='ocrx_word' id='word_1_122' title='bbox 1168 2041 1225 2082; x_wconf 90' lang='lat' dir='ltr'><strong>au·</strong></span> 
     </span>
     <span class='ocr_line' id='line_1_18' title="bbox 228 2103 1224 2188; baseline -0.001 -19"><span class='ocrx_word' id='word_1_123' title='bbox 228 2116 295 2169; x_wconf 91' lang='lat' dir='ltr'><strong>tem</strong></span> <span class='ocrx_word' id='word_1_124' title='bbox 310 2105 395 2170; x_wconf 86' lang='lat' dir='ltr'><strong>binis</strong></span> <span class='ocrx_word' id='word_1_125' title='bbox 410 2105 533 2182; x_wconf 87' lang='lat' dir='ltr'><strong>diebus,</strong></span> <span class='ocrx_word' id='word_1_126' title='bbox 551 2115 584 2168; x_wconf 89' lang='lat' dir='ltr'><strong>et</strong></span> <span class='ocrx_word' id='word_1_127' title='bbox 598 2104 692 2168; x_wconf 86' lang='lat' dir='ltr'><strong>semis</strong></span> <span class='ocrx_word' id='word_1_128' title='bbox 707 2103 795 2183; x_wconf 91' lang='lat' dir='ltr'><strong>hora,</strong></span> <span class='ocrx_word' id='word_1_129' title='bbox 811 2103 902 2168; x_wconf 87' lang='lat' dir='ltr'><strong>besse</strong></span> <span class='ocrx_word' id='word_1_130' title='bbox 918 2105 1025 2182; x_wconf 86' lang='lat' dir='ltr'><strong>unius,</strong></span> <span class='ocrx_word' id='word_1_131' title='bbox 1035 2105 1224 2188; x_wconf 83' lang='lat' dir='ltr'><strong>perlabitur.</strong></span> 
     </span>
     <span class='ocr_line' id='line_1_19' title="bbox 230 2189 1225 2276; baseline -0.001 -21"><span class='ocrx_word' id='word_1_132' title='bbox 230 2190 327 2255; x_wconf 91' lang='lat' dir='ltr'><strong>Unde</strong></span> <span class='ocrx_word' id='word_1_133' title='bbox 342 2191 390 2268; x_wconf 83' lang='lat' dir='ltr'><strong>fit,</strong></span> <span class='ocrx_word' id='word_1_134' title='bbox 406 2201 444 2255; x_wconf 89' lang='lat' dir='ltr'><strong>ut</strong></span> <span class='ocrx_word' id='word_1_135' title='bbox 456 2202 614 2276; x_wconf 90' lang='lat' dir='ltr'><strong>quantum</strong></span> <span class='ocrx_word' id='word_1_136' title='bbox 629 2189 723 2276; x_wconf 90' lang='lat' dir='ltr'><strong>spatii</strong></span> <span class='ocrx_word' id='word_1_137' title='bbox 738 2190 772 2254; x_wconf 93' lang='lat' dir='ltr'><strong>in</strong></span> <span class='ocrx_word' id='word_1_138' title='bbox 793 2190 923 2255; x_wconf 86' lang='lat' dir='ltr'><strong>zodiaco</strong></span> <span class='ocrx_word' id='word_1_139' title='bbox 944 2189 1039 2255; x_wconf 90' lang='lat' dir='ltr'><strong>Luna</strong></span> <span class='ocrx_word' id='word_1_140' title='bbox 1057 2191 1225 2276; x_wconf 88' lang='lat' dir='ltr'><strong>percurrit,</strong></span> 
     </span>
     <span class='ocr_line' id='line_1_20' title="bbox 229 2275 1228 2361; baseline -0.002 -19"><span class='ocrx_word' id='word_1_141' title='bbox 229 2288 358 2342; x_wconf 89' lang='lat' dir='ltr'><strong>tantum</strong></span> <span class='ocrx_word' id='word_1_142' title='bbox 369 2277 425 2342; x_wconf 93' lang='lat' dir='ltr'><strong>Sol</strong></span> <span class='ocrx_word' id='word_1_143' title='bbox 435 2276 587 2341; x_wconf 89' lang='lat' dir='ltr'><strong>tredecim</strong></span> <span class='ocrx_word' id='word_1_144' title='bbox 599 2276 712 2340; x_wconf 85' lang='lat' dir='ltr'><strong>dicbus</strong></span> <span class='ocrx_word' id='word_1_145' title='bbox 723 2277 864 2361; x_wconf 87' lang='lat' dir='ltr'><strong>expleat.</strong></span> <span class='ocrx_word' id='word_1_146' title='bbox 910 2275 1005 2340; x_wconf 88' lang='lat' dir='ltr'><strong>Hanc</strong></span> <span class='ocrx_word' id='word_1_147' title='bbox 1018 2277 1147 2361; x_wconf 88' lang='lat' dir='ltr'><strong>quidam</strong></span> <span class='ocrx_word' id='word_1_148' title='bbox 1159 2276 1228 2361; x_wconf 92' lang='lat' dir='ltr'><strong>phi-</strong></span> 
     </span>
     <span class='ocr_line' id='line_1_21' title="bbox 229 2361 1229 2449; baseline -0.001 -22"><span class='ocrx_word' id='word_1_149' title='bbox 229 2361 436 2448; x_wconf 88' lang='lat' dir='ltr'><strong>losophorum</strong></span> <span class='ocrx_word' id='word_1_150' title='bbox 452 2363 562 2428; x_wconf 92' lang='lat' dir='ltr'><strong>dicunt</strong></span> <span class='ocrx_word' id='word_1_151' title='bbox 576 2363 741 2449; x_wconf 91' lang='lat' dir='ltr'><strong>proprium</strong></span> <span class='ocrx_word' id='word_1_152' title='bbox 757 2362 866 2427; x_wconf 91' lang='lat' dir='ltr'><strong>lumen</strong></span> <span class='ocrx_word' id='word_1_153' title='bbox 882 2385 948 2426; x_wconf 91' lang='lat' dir='ltr'><strong>non</strong></span> <span class='ocrx_word' id='word_1_154' title='bbox 970 2362 1100 2441; x_wconf 89' lang='lat' dir='ltr'><strong>habere,</strong></span> <span class='ocrx_word' id='word_1_155' title='bbox 1125 2363 1229 2446; x_wconf 91' lang='lat' dir='ltr'><strong>globi·</strong></span> 
     </span>
     <span class='ocr_line' id='line_1_22' title="bbox 231 2448 1228 2535; baseline 0 -22"><span class='ocrx_word' id='word_1_156' title='bbox 231 2472 295 2535; x_wconf 90' lang='lat' dir='ltr'><strong>que</strong></span> <span class='ocrx_word' id='word_1_157' title='bbox 310 2451 379 2535; x_wconf 88' lang='lat' dir='ltr'><strong>ejus</strong></span> <span class='ocrx_word' id='word_1_158' title='bbox 395 2471 492 2514; x_wconf 90' lang='lat' dir='ltr'><strong>unam</strong></span> <span class='ocrx_word' id='word_1_159' title='bbox 508 2459 632 2533; x_wconf 85' lang='lat' dir='ltr'><strong>partem</strong></span> <span class='ocrx_word' id='word_1_160' title='bbox 648 2472 715 2512; x_wconf 88' lang='lat' dir='ltr'><strong>esse</strong></span> <span class='ocrx_word' id='word_1_161' title='bbox 730 2448 903 2526; x_wconf 89' lang='lat' dir='ltr'><strong>lucifluam,</strong></span> <span class='ocrx_word' id='word_1_162' title='bbox 919 2449 1013 2513; x_wconf 88' lang='lat' dir='ltr'><strong>aliam</strong></span> <span class='ocrx_word' id='word_1_163' title='bbox 1027 2472 1102 2513; x_wconf 85' lang='lat' dir='ltr'><strong>vero</strong></span> <span class='ocrx_word' id='word_1_164' title='bbox 1114 2450 1228 2514; x_wconf 87' lang='lat' dir='ltr'><strong>obscu-</strong></span> 
     </span>
     <span class='ocr_line' id='line_1_23' title="bbox 230 2535 1226 2620; baseline 0 -20"><span class='ocrx_word' id='word_1_165' title='bbox 230 2558 299 2600; x_wconf 88' lang='lat' dir='ltr'><strong>ram</strong></span> <span class='ocrx_word' id='word_1_166' title='bbox 322 2547 357 2600; x_wconf 90' lang='lat' dir='ltr'><strong>ct</strong></span> <span class='ocrx_word' id='word_1_167' title='bbox 379 2535 535 2620; x_wconf 90' lang='lat' dir='ltr'><strong>paulatim</strong></span> <span class='ocrx_word' id='word_1_168' title='bbox 558 2558 592 2599; x_wconf 85' lang='lat' dir='ltr'><strong>sc</strong></span> <span class='ocrx_word' id='word_1_169' title='bbox 610 2535 763 2599; x_wconf 87' lang='lat' dir='ltr'><strong>vertendo</strong></span> <span class='ocrx_word' id='word_1_170' title='bbox 787 2535 924 2600; x_wconf 86' lang='lat' dir='ltr'><strong>diversas</strong></span> <span class='ocrx_word' id='word_1_171' title='bbox 946 2535 1063 2600; x_wconf 82' lang='lat' dir='ltr'><strong>formas</strong></span> <span class='ocrx_word' id='word_1_172' title='bbox 1089 2535 1226 2600; x_wconf 89' lang='lat' dir='ltr'><strong>efficere.</strong></span> 
     </span>
     <span class='ocr_line' id='line_1_24' title="bbox 231 2620 1228 2705; baseline 0.001 -20"><span class='ocrx_word' id='word_1_173' title='bbox 231 2620 301 2685; x_wconf 88' lang='lat' dir='ltr'><strong>Alii</strong></span> <span class='ocrx_word' id='word_1_174' title='bbox 327 2621 565 2696; x_wconf 71' lang='lat' dir='ltr'><strong>contremunt,</strong></span> <span class='ocrx_word' id='word_1_175' title='bbox 591 2621 718 2686; x_wconf 87' lang='lat' dir='ltr'><strong>Lunam</strong></span> <span class='ocrx_word' id='word_1_176' title='bbox 742 2621 873 2705; x_wconf 88' lang='lat' dir='ltr'><strong>globum</strong></span> <span class='ocrx_word' id='word_1_177' title='bbox 897 2643 992 2685; x_wconf 90' lang='lat' dir='ltr'><strong>suum</strong></span> <span class='ocrx_word' id='word_1_178' title='bbox 1016 2621 1145 2698; x_wconf 91' lang='lat' dir='ltr'><strong>habere,</strong></span> <span class='ocrx_word' id='word_1_179' title='bbox 1170 2623 1228 2686; x_wconf 87' lang='lat' dir='ltr'><strong>scd</strong></span> 
     </span>
     <span class='ocr_line' id='line_1_25' title="bbox 228 2705 1225 2793; baseline 0 -22"><span class='ocrx_word' id='word_1_180' title='bbox 228 2709 337 2793; x_wconf 84' lang='lat' dir='ltr'><strong>ignem</strong></span> <span class='ocrx_word' id='word_1_181' title='bbox 353 2731 372 2772; x_wconf 92' lang='lat' dir='ltr'><strong>a</strong></span> <span class='ocrx_word' id='word_1_182' title='bbox 387 2705 461 2773; x_wconf 91' lang='lat' dir='ltr'><strong>Sole</strong></span> <span class='ocrx_word' id='word_1_183' title='bbox 476 2707 653 2791; x_wconf 89' lang='lat' dir='ltr'><strong>concipere,</strong></span> <span class='ocrx_word' id='word_1_184' title='bbox 670 2719 703 2772; x_wconf 87' lang='lat' dir='ltr'><strong>et</strong></span> <span class='ocrx_word' id='word_1_185' title='bbox 719 2718 876 2791; x_wconf 91' lang='lat' dir='ltr'><strong>quantum</strong></span> <span class='ocrx_word' id='word_1_186' title='bbox 889 2707 1070 2791; x_wconf 89' lang='lat' dir='ltr'><strong>percutitur</strong></span> <span class='ocrx_word' id='word_1_187' title='bbox 1080 2708 1225 2772; x_wconf 89' lang='lat' dir='ltr'><strong>ardesce-</strong></span> 
     </span>
     <span class='ocr_line' id='line_1_26' title="bbox 230 2790 1229 2879; baseline 0.001 -22"><span class='ocrx_word' id='word_1_188' title='bbox 230 2817 278 2872; x_wconf 89' lang='lat' dir='ltr'><strong>re,</strong></span> <span class='ocrx_word' id='word_1_189' title='bbox 294 2805 327 2857; x_wconf 91' lang='lat' dir='ltr'><strong>et</strong></span> <span class='ocrx_word' id='word_1_190' title='bbox 342 2803 501 2879; x_wconf 87' lang='lat' dir='ltr'><strong>quantum</strong></span> <span class='ocrx_word' id='word_1_191' title='bbox 513 2817 532 2858; x_wconf 91' lang='lat' dir='ltr'><strong>a</strong></span> <span class='ocrx_word' id='word_1_192' title='bbox 542 2793 616 2858; x_wconf 86' lang='lat' dir='ltr'><strong>Sole</strong></span> <span class='ocrx_word' id='word_1_193' title='bbox 628 2793 761 2858; x_wconf 91' lang='lat' dir='ltr'><strong>discedit</strong></span> <span class='ocrx_word' id='word_1_194' title='bbox 770 2793 889 2877; x_wconf 88' lang='lat' dir='ltr'><strong>augeri.</strong></span> <span class='ocrx_word' id='word_1_195' title='bbox 935 2790 1021 2858; x_wconf 92' lang='lat' dir='ltr'><strong>Cum</strong></span> <span class='ocrx_word' id='word_1_196' title='bbox 1033 2816 1108 2859; x_wconf 90' lang='lat' dir='ltr'><strong>vero</strong></span> <span class='ocrx_word' id='word_1_197' title='bbox 1117 2804 1229 2858; x_wconf 87' lang='lat' dir='ltr'><strong>contra</strong></span> 
     </span>
     <span class='ocr_line' id='line_1_27' title="bbox 232 2879 1227 2964; baseline -0.001 -20"><span class='ocrx_word' id='word_1_198' title='bbox 232 2880 368 2957; x_wconf 88' lang='lat' dir='ltr'><strong>steterit,</strong></span> <span class='ocrx_word' id='word_1_199' title='bbox 392 2879 507 2943; x_wconf 82' lang='lat' dir='ltr'><strong>feritur</strong></span> <span class='ocrx_word' id='word_1_200' title='bbox 523 2902 566 2944; x_wconf 88' lang='lat' dir='ltr'><strong>ex</strong></span> <span class='ocrx_word' id='word_1_201' title='bbox 581 2881 711 2944; x_wconf 89' lang='lat' dir='ltr'><strong>adverso</strong></span> <span class='ocrx_word' id='word_1_202' title='bbox 727 2891 760 2944; x_wconf 90' lang='lat' dir='ltr'><strong>et</strong></span> <span class='ocrx_word' id='word_1_203' title='bbox 775 2880 863 2943; x_wconf 89' lang='lat' dir='ltr'><strong>velut</strong></span> <span class='ocrx_word' id='word_1_204' title='bbox 877 2879 1054 2964; x_wconf 88' lang='lat' dir='ltr'><strong>speculum,</strong></span> <span class='ocrx_word' id='word_1_205' title='bbox 1071 2902 1135 2944; x_wconf 90' lang='lat' dir='ltr'><strong>non</strong></span> <span class='ocrx_word' id='word_1_206' title='bbox 1150 2880 1227 2958; x_wconf 81' lang='lat' dir='ltr'><strong>rim,</strong></span> 
     </span>
     <span class='ocr_line' id='line_1_28' title="bbox 232 2965 1230 3050; baseline 0 -20"><span class='ocrx_word' id='word_1_207' title='bbox 232 2967 288 3030; x_wconf 85' lang='lat' dir='ltr'><strong>aed</strong></span> <span class='ocrx_word' id='word_1_208' title='bbox 303 2966 474 3049; x_wconf 84' lang='lat' dir='ltr'><strong>imaginem</strong></span> <span class='ocrx_word' id='word_1_209' title='bbox 489 2966 604 3042; x_wconf 90' lang='lat' dir='ltr'><strong>reddit,</strong></span> <span class='ocrx_word' id='word_1_210' title='bbox 621 2966 707 3029; x_wconf 90' lang='lat' dir='ltr'><strong>unde</strong></span> <span class='ocrx_word' id='word_1_211' title='bbox 728 2976 762 3029; x_wconf 90' lang='lat' dir='ltr'><strong>et</strong></span> <span class='ocrx_word' id='word_1_212' title='bbox 777 2965 937 3029; x_wconf 87' lang='lat' dir='ltr'><strong>defectum</strong></span> <span class='ocrx_word' id='word_1_213' title='bbox 952 2966 1086 3050; x_wconf 86' lang='lat' dir='ltr'><strong>patitur,</strong></span> <span class='ocrx_word' id='word_1_214' title='bbox 1102 2967 1128 3030; x_wconf 87' lang='lat' dir='ltr'><strong>si</strong></span> <span class='ocrx_word' id='word_1_215' title='bbox 1142 2966 1230 3030; x_wconf 90' lang='lat' dir='ltr'><strong>inter</strong></span> 
     </span>
     <span class='ocr_line' id='line_1_29' title="bbox 231 3049 1229 3136; baseline 0.003 -22"><span class='ocrx_word' id='word_1_216' title='bbox 231 3053 334 3136; x_wconf 86' lang='lat' dir='ltr'><strong>ipsam</strong></span> <span class='ocrx_word' id='word_1_217' title='bbox 359 3064 392 3115; x_wconf 90' lang='lat' dir='ltr'><strong>et</strong></span> <span class='ocrx_word' id='word_1_218' title='bbox 416 3049 524 3117; x_wconf 89' lang='lat' dir='ltr'><strong>Solem</strong></span> <span class='ocrx_word' id='word_1_219' title='bbox 550 3053 663 3115; x_wconf 87' lang='lat' dir='ltr'><strong>umbra</strong></span> <span class='ocrx_word' id='word_1_220' title='bbox 687 3063 782 3116; x_wconf 84' lang='lat' dir='ltr'><strong>tcrrae</strong></span> <span class='ocrx_word' id='word_1_221' title='bbox 802 3051 1002 3117; x_wconf 85' lang='lat' dir='ltr'><strong>interveniat.</strong></span> <span class='ocrx_word' id='word_1_222' title='bbox 1048 3051 1120 3118; x_wconf 89' lang='lat' dir='ltr'><strong>Hac</strong></span> <span class='ocrx_word' id='word_1_223' title='bbox 1141 3053 1229 3117; x_wconf 89' lang='lat' dir='ltr'><strong>enim</strong></span> 
     </span>
     <span class='ocr_line' id='line_1_30' title="bbox 232 3137 1229 3222; baseline -0.001 -19"><span class='ocrx_word' id='word_1_224' title='bbox 232 3147 393 3203; x_wconf 86' lang='lat' dir='ltr'><strong>crescente</strong></span> <span class='ocrx_word' id='word_1_225' title='bbox 407 3137 553 3202; x_wconf 86' lang='lat' dir='ltr'><strong>universa</strong></span> <span class='ocrx_word' id='word_1_226' title='bbox 568 3137 734 3221; x_wconf 88' lang='lat' dir='ltr'><strong>gignentia</strong></span> <span class='ocrx_word' id='word_1_227' title='bbox 747 3138 939 3222; x_wconf 89' lang='lat' dir='ltr'><strong>pubescunt,</strong></span> <span class='ocrx_word' id='word_1_228' title='bbox 957 3148 1164 3202; x_wconf 89' lang='lat' dir='ltr'><strong>tenuescente</strong></span> <span class='ocrx_word' id='word_1_229' title='bbox 1181 3149 1229 3202; x_wconf 91' lang='lat' dir='ltr'><strong>tc-</strong></span> 
     </span>
     <span class='ocr_line' id='line_1_31' title="bbox 232 3223 1230 3308; baseline 0.005 -22"><span class='ocrx_word' id='word_1_230' title='bbox 232 3233 394 3289; x_wconf 85' lang='lat' dir='ltr'><strong>nuantur:</strong></span> <span class='ocrx_word' id='word_1_231' title='bbox 411 3223 526 3287; x_wconf 91' lang='lat' dir='ltr'><strong>humor</strong></span> <span class='ocrx_word' id='word_1_232' title='bbox 535 3223 632 3288; x_wconf 89' lang='lat' dir='ltr'><strong>etiam</strong></span> <span class='ocrx_word' id='word_1_233' title='bbox 647 3234 681 3287; x_wconf 87' lang='lat' dir='ltr'><strong>et</strong></span> <span class='ocrx_word' id='word_1_234' title='bbox 690 3224 821 3308; x_wconf 88' lang='lat' dir='ltr'><strong>spiritus</strong></span> <span class='ocrx_word' id='word_1_235' title='bbox 833 3223 936 3288; x_wconf 87' lang='lat' dir='ltr'><strong>omnis</strong></span> <span class='ocrx_word' id='word_1_236' title='bbox 946 3225 1098 3307; x_wconf 85' lang='lat' dir='ltr'><strong>augescit,</strong></span> <span class='ocrx_word' id='word_1_237' title='bbox 1109 3235 1230 3291; x_wconf 79' lang='lat' dir='ltr'><strong>tumes·</strong></span> 
     </span>
     <span class='ocr_line' id='line_1_32' title="bbox 233 3309 1228 3394; baseline 0 -20"><span class='ocrx_word' id='word_1_238' title='bbox 233 3310 277 3374; x_wconf 90' lang='lat' dir='ltr'><strong>cit</strong></span> <span class='ocrx_word' id='word_1_239' title='bbox 292 3331 440 3374; x_wconf 88' lang='lat' dir='ltr'><strong>oceanus.</strong></span> <span class='ocrx_word' id='word_1_240' title='bbox 487 3309 585 3376; x_wconf 83' lang='lat' dir='ltr'><strong>Quod</strong></span> <span class='ocrx_word' id='word_1_241' title='bbox 599 3309 722 3373; x_wconf 86' lang='lat' dir='ltr'><strong>diverso</strong></span> <span class='ocrx_word' id='word_1_242' title='bbox 737 3310 807 3373; x_wconf 88' lang='lat' dir='ltr'><strong>caeli</strong></span> <span class='ocrx_word' id='word_1_243' title='bbox 819 3322 853 3375; x_wconf 92' lang='lat' dir='ltr'><strong>et</strong></span> <span class='ocrx_word' id='word_1_244' title='bbox 864 3309 1048 3394; x_wconf 89' lang='lat' dir='ltr'><strong>vagantium</strong></span> <span class='ocrx_word' id='word_1_245' title='bbox 1063 3311 1228 3375; x_wconf 88' lang='lat' dir='ltr'><strong>stellarum</strong></span> 
     </span>
     <span class='ocr_line' id='line_1_33' title="bbox 232 3395 1229 3482; baseline 0.001 -22"><span class='ocrx_word' id='word_1_246' title='bbox 232 3406 442 3480; x_wconf 89' lang='lat' dir='ltr'><strong>temperatur,</strong></span> <span class='ocrx_word' id='word_1_247' title='bbox 453 3407 549 3480; x_wconf 87' lang='lat' dir='ltr'><strong>atque</strong></span> <span class='ocrx_word' id='word_1_248' title='bbox 560 3396 717 3460; x_wconf 88' lang='lat' dir='ltr'><strong>deteritur</strong></span> <span class='ocrx_word' id='word_1_249' title='bbox 726 3407 758 3460; x_wconf 89' lang='lat' dir='ltr'><strong>et</strong></span> <span class='ocrx_word' id='word_1_250' title='bbox 769 3396 852 3460; x_wconf 84' lang='lat' dir='ltr'><strong>infra</strong></span> <span class='ocrx_word' id='word_1_251' title='bbox 862 3395 947 3473; x_wconf 90' lang='lat' dir='ltr'><strong>fluit,</strong></span> <span class='ocrx_word' id='word_1_252' title='bbox 959 3396 993 3460; x_wconf 91' lang='lat' dir='ltr'><strong>id</strong></span> <span class='ocrx_word' id='word_1_253' title='bbox 1002 3396 1123 3482; x_wconf 84' lang='lat' dir='ltr'><strong>excipit</strong></span> <span class='ocrx_word' id='word_1_254' title='bbox 1133 3396 1229 3461; x_wconf 87' lang='lat' dir='ltr'><strong>Luna</strong></span> 
     </span>
     <span class='ocr_line' id='line_1_34' title="bbox 233 3480 1229 3566; baseline 0 -20"><span class='ocrx_word' id='word_1_255' title='bbox 233 3491 267 3546; x_wconf 89' lang='lat' dir='ltr'><strong>et</strong></span> <span class='ocrx_word' id='word_1_256' title='bbox 292 3480 360 3546; x_wconf 92' lang='lat' dir='ltr'><strong>Soli</strong></span> <span class='ocrx_word' id='word_1_257' title='bbox 386 3481 493 3547; x_wconf 84' lang='lat' dir='ltr'><strong>tradit.</strong></span> <span class='ocrx_word' id='word_1_258' title='bbox 540 3481 616 3548; x_wconf 83' lang='lat' dir='ltr'><strong>Quo</strong></span> <span class='ocrx_word' id='word_1_259' title='bbox 640 3492 674 3546; x_wconf 90' lang='lat' dir='ltr'><strong>et</strong></span> <span class='ocrx_word' id='word_1_260' title='bbox 698 3482 847 3546; x_wconf 91' lang='lat' dir='ltr'><strong>animalia</strong></span> <span class='ocrx_word' id='word_1_261' title='bbox 870 3481 1045 3566; x_wconf 87' lang='lat' dir='ltr'><strong>vigescunt,</strong></span> <span class='ocrx_word' id='word_1_262' title='bbox 1062 3495 1096 3546; x_wconf 91' lang='lat' dir='ltr'><strong>et</strong></span> <span class='ocrx_word' id='word_1_263' title='bbox 1110 3482 1229 3548; x_wconf 77' lang='lat' dir='ltr'><strong>humile</strong></span> 
     </span>
     <span class='ocr_line' id='line_1_35' title="bbox 233 3567 1228 3653; baseline 0.001 -22"><span class='ocrx_word' id='word_1_264' title='bbox 233 3568 467 3653; x_wconf 89' lang='lat' dir='ltr'><strong>quodammodo</strong></span> <span class='ocrx_word' id='word_1_265' title='bbox 480 3567 641 3632; x_wconf 87' lang='lat' dir='ltr'><strong>animatur</strong></span> <span class='ocrx_word' id='word_1_266' title='bbox 654 3568 787 3651; x_wconf 89' lang='lat' dir='ltr'><strong>genitali</strong></span> <span class='ocrx_word' id='word_1_267' title='bbox 801 3567 916 3645; x_wconf 88' lang='lat' dir='ltr'><strong>calore,</strong></span> <span class='ocrx_word' id='word_1_268' title='bbox 932 3579 966 3632; x_wconf 88' lang='lat' dir='ltr'><strong>ct</strong></span> <span class='ocrx_word' id='word_1_269' title='bbox 975 3580 1013 3632; x_wconf 91' lang='lat' dir='ltr'><strong>ut</strong></span> <span class='ocrx_word' id='word_1_270' title='bbox 1022 3569 1068 3633; x_wconf 91' lang='lat' dir='ltr'><strong>ita</strong></span> <span class='ocrx_word' id='word_1_271' title='bbox 1079 3568 1228 3647; x_wconf 83' lang='lat' dir='ltr'><strong>dixerim,</strong></span> 
     </span>
     <span class='ocr_line' id='line_1_36' title="bbox 231 3653 1228 3738; baseline 0 -20"><span class='ocrx_word' id='word_1_272' title='bbox 231 3655 302 3718; x_wconf 91' lang='lat' dir='ltr'><strong>viva</strong></span> <span class='ocrx_word' id='word_1_273' title='bbox 316 3654 491 3738; x_wconf 91' lang='lat' dir='ltr'><strong>plurimum</strong></span> <span class='ocrx_word' id='word_1_274' title='bbox 506 3654 613 3718; x_wconf 89' lang='lat' dir='ltr'><strong>valent</strong></span> <span class='ocrx_word' id='word_1_275' title='bbox 626 3654 661 3718; x_wconf 91' lang='lat' dir='ltr'><strong>in</strong></span> <span class='ocrx_word' id='word_1_276' title='bbox 677 3653 863 3738; x_wconf 87' lang='lat' dir='ltr'><strong>originibus,</strong></span> <span class='ocrx_word' id='word_1_277' title='bbox 889 3676 986 3738; x_wconf 92' lang='lat' dir='ltr'><strong>quam</strong></span> <span class='ocrx_word' id='word_1_278' title='bbox 1000 3654 1034 3718; x_wconf 90' lang='lat' dir='ltr'><strong>in</strong></span> <span class='ocrx_word' id='word_1_279' title='bbox 1051 3667 1126 3719; x_wconf 91' lang='lat' dir='ltr'><strong>ortu</strong></span> <span class='ocrx_word' id='word_1_280' title='bbox 1137 3665 1228 3732; x_wconf 82' lang='lat' dir='ltr'><strong>sunt3</strong></span> 
     </span>
     <span class='ocr_line' id='line_1_37' title="bbox 231 3738 1230 3826; baseline 0 -22"><span class='ocrx_word' id='word_1_281' title='bbox 231 3740 389 3824; x_wconf 85' lang='lat' dir='ltr'><strong>languent</strong></span> <span class='ocrx_word' id='word_1_282' title='bbox 411 3740 444 3803; x_wconf 89' lang='lat' dir='ltr'><strong>in</strong></span> <span class='ocrx_word' id='word_1_283' title='bbox 468 3762 589 3806; x_wconf 86' lang='lat' dir='ltr'><strong>occasu.</strong></span> <span class='ocrx_word' id='word_1_284' title='bbox 637 3738 754 3804; x_wconf 90' lang='lat' dir='ltr'><strong>Ortum</strong></span> <span class='ocrx_word' id='word_1_285' title='bbox 777 3740 854 3804; x_wconf 87' lang='lat' dir='ltr'><strong>facit</strong></span> <span class='ocrx_word' id='word_1_286' title='bbox 876 3739 911 3803; x_wconf 90' lang='lat' dir='ltr'><strong>in</strong></span> <span class='ocrx_word' id='word_1_287' title='bbox 932 3739 1035 3818; x_wconf 90' lang='lat' dir='ltr'><strong>stella,</strong></span> <span class='ocrx_word' id='word_1_288' title='bbox 1051 3762 1148 3826; x_wconf 89' lang='lat' dir='ltr'><strong>quarn</strong></span> <span class='ocrx_word' id='word_1_289' title='bbox 1174 3741 1230 3805; x_wconf 88' lang='lat' dir='ltr'><strong>Sol</strong></span> 
     </span>
     <span class='ocr_line' id='line_1_38' title="bbox 231 3825 1229 3912; baseline 0.001 -22"><span class='ocrx_word' id='word_1_290' title='bbox 231 3825 390 3910; x_wconf 88' lang='lat' dir='ltr'><strong>praeterit,</strong></span> <span class='ocrx_word' id='word_1_291' title='bbox 415 3826 529 3890; x_wconf 87' lang='lat' dir='ltr'><strong>deinde</strong></span> <span class='ocrx_word' id='word_1_292' title='bbox 554 3826 692 3891; x_wconf 86' lang='lat' dir='ltr'><strong>statione</strong></span> <span class='ocrx_word' id='word_1_293' title='bbox 713 3826 872 3890; x_wconf 84' lang='lat' dir='ltr'><strong>matutina</strong></span> <span class='ocrx_word' id='word_1_294' title='bbox 892 3849 964 3891; x_wconf 91' lang='lat' dir='ltr'><strong>cum</strong></span> <span class='ocrx_word' id='word_1_295' title='bbox 988 3851 1007 3892; x_wconf 88' lang='lat' dir='ltr'><strong>a</strong></span> <span class='ocrx_word' id='word_1_296' title='bbox 1027 3828 1140 3912; x_wconf 90' lang='lat' dir='ltr'><strong>quinto</strong></span> <span class='ocrx_word' id='word_1_297' title='bbox 1159 3827 1229 3891; x_wconf 91' lang='lat' dir='ltr'><strong>loco</strong></span> 
     </span>
     <span class='ocr_line' id='line_1_39' title="bbox 235 3911 1310 3996; baseline -0.001 -19"><span class='ocrx_word' id='word_1_298' title='bbox 235 3911 318 3977; x_wconf 89' lang='lat' dir='ltr'><strong>Solis</strong></span> <span class='ocrx_word' id='word_1_299' title='bbox 334 3911 470 3989; x_wconf 89' lang='lat' dir='ltr'><strong>steterit,</strong></span> <span class='ocrx_word' id='word_1_300' title='bbox 491 3912 525 3976; x_wconf 91' lang='lat' dir='ltr'><strong>in</strong></span> <span class='ocrx_word' id='word_1_301' title='bbox 541 3912 653 3977; x_wconf 89' lang='lat' dir='ltr'><strong>eodem</strong></span> <span class='ocrx_word' id='word_1_302' title='bbox 676 3922 786 3976; x_wconf 90' lang='lat' dir='ltr'><strong>manet</strong></span> <span class='ocrx_word' id='word_1_303' title='bbox 809 3912 911 3996; x_wconf 89' lang='lat' dir='ltr'><strong>signo,</strong></span> <span class='ocrx_word' id='word_1_304' title='bbox 931 3913 1032 3978; x_wconf 89' lang='lat' dir='ltr'><strong>donec</strong></span> <span class='ocrx_word' id='word_1_305' title='bbox 1051 3914 1092 3978; x_wconf 89' lang='lat' dir='ltr'><strong>ab</strong></span> <span class='ocrx_word' id='word_1_306' title='bbox 1116 3913 1229 3977; x_wconf 90' lang='lat' dir='ltr'><strong>eodem</strong></span> <span class='ocrx_word' id='word_1_307' title='bbox 1306 3953 1310 3960; x_wconf 91' lang='lat'><em>·</em></span> 
     </span>
     <span class='ocr_line' id='line_1_40' title="bbox 237 3997 1228 4082; baseline 0.002 -22"><span class='ocrx_word' id='word_1_308' title='bbox 237 3997 311 4061; x_wconf 89' lang='lat' dir='ltr'><strong>Sole</strong></span> <span class='ocrx_word' id='word_1_309' title='bbox 328 4009 503 4076; x_wconf 88' lang='lat' dir='ltr'><strong>moveatur,</strong></span> <span class='ocrx_word' id='word_1_310' title='bbox 520 4021 594 4082; x_wconf 84' lang='lat' dir='ltr'><strong>quae</strong></span> <span class='ocrx_word' id='word_1_311' title='bbox 610 3999 768 4063; x_wconf 84' lang='lat' dir='ltr'><strong>contraria</strong></span> <span class='ocrx_word' id='word_1_312' title='bbox 788 4010 837 4062; x_wconf 88' lang='lat' dir='ltr'><strong>est</strong></span> <span class='ocrx_word' id='word_1_313' title='bbox 857 3999 934 4063; x_wconf 89' lang='lat' dir='ltr'><strong>Soli.</strong></span> <span class='ocrx_word' id='word_1_314' title='bbox 981 3999 1081 4063; x_wconf 91' lang='lat' dir='ltr'><strong>Mane</strong></span> <span class='ocrx_word' id='word_1_315' title='bbox 1102 3999 1228 4077; x_wconf 87' lang='lat' dir='ltr'><strong>occidit,</strong></span> 
     </span>
     <span class='ocr_line' id='line_1_41' title="bbox 237 4082 1230 4166; baseline 0.002 -19"><span class='ocrx_word' id='word_1_316' title='bbox 237 4084 339 4149; x_wconf 91' lang='lat' dir='ltr'><strong>oritur</strong></span> <span class='ocrx_word' id='word_1_317' title='bbox 354 4083 449 4149; x_wconf 86' lang='lat' dir='ltr'><strong>simul</strong></span> <span class='ocrx_word' id='word_1_318' title='bbox 464 4097 568 4166; x_wconf 88' lang='lat' dir='ltr'><strong>nocte,</strong></span> <span class='ocrx_word' id='word_1_319' title='bbox 582 4096 616 4150; x_wconf 90' lang='lat' dir='ltr'><strong>et</strong></span> <span class='ocrx_word' id='word_1_320' title='bbox 630 4093 760 4150; x_wconf 88' lang='lat' dir='ltr'><strong>vocatur</strong></span> <span class='ocrx_word' id='word_1_321' title='bbox 783 4082 968 4151; x_wconf 87' lang='lat' dir='ltr'><strong>Chronicos.</strong></span> <span class='ocrx_word' id='word_1_322' title='bbox 1014 4084 1141 4151; x_wconf 88' lang='lat' dir='ltr'><strong>Deinde</strong></span> <span class='ocrx_word' id='word_1_323' title='bbox 1160 4107 1230 4151; x_wconf 89' lang='lat' dir='ltr'><strong>rur-</strong></span> 
     </span>
    </p>
   </div>
   <div class='ocr_carea' id='block_1_5' title="bbox 0 0 1448 4848">
    <p class='ocr_par' dir='ltr' id='par_1_6' title="bbox 0 0 1448 4848">
     <span class='ocr_line' id='line_1_42' title="bbox 0 0 1448 4848; baseline 0 0"><span class='ocrx_word' id='word_1_324' title='bbox 0 0 1448 4848; x_wconf 95' lang='lat' dir='ltr'><strong> </strong></span> 
     </span>
    </p>
   </div>
  </div>
 </body>
</html>
