2902 4838
531 606 565 640 so
579 606 756 640 runnoxenx
772 605 887 640 inires.
1181 591 1206 639 ix

209 731 335 780 Arianae
354 730 471 793 qnondam
492 734 641 777 monumenta
666 744 761 776 coronm
798 729 884 776 (inor.
940 727 1076 792 Arladneoe]
1099 725 1207 776 Ariadne

208 795 257 843 suit
277 795 369 843 Minois
389 802 412 842 et
432 789 640 857 Pasiphaes'tilin,
661 809 716 856 quae
735 794 857 841 Theseum
873 793 931 840 vitae
949 793 1057 856 periculo
1078 793 1207 842 liberatum

209 867 330 918 secutura,
349 860 375 907 in
392 859 481 907 Bacchi
499 874 587 906 manus
603 859 696 915 incidit,
714 858 784 921 eique
795 873 839 922 pro
851 873 925 906 uxore
936 858 990 906 fuit.
1032 858 1147 922 Hyginus
1158 858 1205 907 sub.

210 927 266 972 224.
307 925 462 987 Pulaephxtus
482 922 577 972 Incred.
599 924 694 971 histo.
715 925 737 970 2.
757 931 817 971 extr.
834 922 904 971 Ovid.
926 923 1027 970 Metam.
1050 923 1127 971 VIII.
1149 923 1205 974 172.

210 989 317 1038 Paussn.
328 989 361 1036 X.
373 1005 395 1036 c.
408 990 446 1047 29,
458 989 518 1037 adde
531 988 657 1036 Catullum
666 988 690 1035 in
703 987 858 1051 epithalamio
870 987 988 1045 Thetidis,
1000 994 1024 1035 et
1034 988 1101 1036 elios.
1123 988 1207 1050 Hujus

209 1069 324 1102 coronam
345 1054 455 1102 Bocchus
471 1054 497 1100 in
515 1052 577 1100 coelo
594 1053 708 1115 reposuit.
743 1053 867 1100 Eratosth.
879 1059 925 1102 cst.
936 1055 960 1100 5.
994 1052 1060 1100 Hinc
1078 1053 1207 1101 claudian.

211 1118 265 1166 111.
277 1119 306 1167 de
317 1118 382 1166 land.
395 1118 469 1166 Stilic.
511 1120 557 1165 Seu
568 1116 612 1165 tiln'
625 1118 720 1165 Dr'ctaoe
731 1119 872 1180 placuerant
881 1124 946 1164 astra
959 1132 1054 1174 corona,
1074 1117 1121 1165 Seu
1132 1120 1208 1180 mapis

210 1185 288 1231 aestivo
299 1185 363 1230 sedes
374 1186 453 1230 vicr'na
463 1184 533 1230 leoni.
551 1183 604 1229 edd.
616 1182 702 1229 Manil.
714 1182 744 1230 V.
757 1184 795 1229 21.
830 1181 932 1229 Ovidius
944 1182 1007 1230 Fast.
1021 1182 1073 1230 111.
1088 1183 1206 1241 ase-516,

212 1256 238 1295 et
254 1248 285 1295 V.
298 1247 518 1296 345.-SCH.-
530 1247 601 1294 Olara
621 1247 747 1294 Ariadneo
764 1253 859 1295 semota
876 1253 910 1295 est
925 1245 991 1309 igne]
1010 1247 1104 1308 BEGg.
1134 1247 1208 1296 Clara

212 1313 345 1361 Ariadneas
361 1320 453 1361 sacrata
468 1315 542 1374 stIpne
560 1311 591 1360 A.
616 1313 688 1359 Clara
705 1312 823 1359 Ariadneo
836 1316 949 1374 proprius
959 1328 981 1374 q.
1000 1311 1033 1373 (l)
1050 1313 1163 1374 statipne
1175 1313 1206 1360 G.

214 1379 286 1425 Clara
298 1377 420 1425 Ariadnae
434 1377 550 1439 (spatium
563 1377 678 1436 vacuum)
688 1383 736 1424 stat
745 1379 798 1439 iqne
808 1376 836 1424 P.
858 1377 931 1424 Claro
943 1377 1065 1425 Ariadnen
1075 1392 1150 1440 propr
1159 1392 1208 1440 qua

211 1448 275 1491 stant
280 1446 349 1504 signa
355 1457 444 1490 corona
452 1457 470 1488 s.
476 1441 664 1489 ClaroAriadnes
671 1457 718 1504 qua
728 1449 821 1489 sacrata
830 1447 864 1488 est
871 1444 924 1503 igne
931 1442 976 1490 c.b.
984 1443 1073 1503 quasis
1084 1442 1209 1490 G.-0R.

246 1508 286 1556 72.
304 1508 367 1569 Ejus
377 1522 416 1553 res
426 1506 482 1554 vide
500 1507 525 1554 in
539 1506 694 1569 DionysIncis
706 1505 797 1563 Nonni,
814 1506 902 1568 quibus
916 1506 984 1563 adde,
1006 1507 1070 1568 quod
1087 1521 1167 1554 emere
1183 1513 1209 1555 et

212 1572 316 1619 vendere
333 1571 448 1626 instituit,
468 1579 491 1618 et
514 1570 634 1630 diadema,
657 1571 753 1632 regium
774 1571 877 1632 insigne,
897 1572 1085 1633 ettriumphum
1106 1572 1209 1621 invenit.

212 1636 316 1695 Plinius,
328 1635 390 1683 VII.
400 1651 421 1682 c.
434 1635 474 1684 56.
507 1635 556 1682 Adi
568 1636 734 1699 Mythologos.
759 1635 871 1694 thalami]
891 1635 961 1684 Ovid
979 1636 1051 1683 Trist
1062 1635 1091 1683 V.
1109 1635 1169 1698 eleg.
1184 1639 1207 1686 3.

211 1717 233 1748 v.
245 1703 275 1749 41
288 1702 319 1749 ad
331 1700 468 1748 Bacchum:
487 1699 528 1748 Sic
539 1703 607 1748 micet
617 1706 736 1757 aternum,
746 1702 867 1762 vicinaque
877 1700 955 1748 sidera
965 1704 1045 1748 vincat
1064 1703 1173 1763 Conjupr's
1182 1702 1209 1748 r‘n

210 1767 266 1814 calo
277 1768 345 1814 clara
353 1781 439 1813 corona
450 1770 501 1812 tue.
535 1765 663 1814 Clandinn.
675 1766 704 1813 de
713 1765 813 1827 Nuptiis
825 1765 928 1812 Honorii
937 1772 962 1812 et
973 1765 1038 1813 Mar.
1062 1768 1088 1813 Si
1097 1765 1208 1814 Bacchus

210 1837 305 1880 amator
320 1831 407 1878 Datali
420 1833 499 1893 potuit
512 1829 594 1878 celum
611 1833 705 1892 signare
723 1845 823 1878 corona:
845 1829 895 1877 Gur
913 1831 987 1878 nullis
1003 1833 1068 1891 virgo
1084 1832 1208 1880 recla'mitur

209 1896 332 1958 pulchrior
343 1895 428 1943 astru?
448 1895 502 1943 odd.
523 1894 548 1942 N
550 1910 605 1942 ann.
624 1895 726 1958 Dionys.
737 1892 869 1942 XXXIII.
882 1895 937 1951 270,
955 1903 980 1942 et
990 1895 1097 1943 XLVII.
1109 1897 1167 1957 449,
1184 1903 1209 1944 ct

212 1959 338 2008 XLVIII.
356 1967 416 2008 extr.
450 1959 593 2007 Lactantius
607 1959 687 2008 instit.
707 1960 780 2008 divin.
801 1960 823 2009 Ι.
841 1975 861 2007 c.
874 1960 912 2016 10,
930 1975 949 2006 s.
968 1962 990 2017 8,
1008 1960 1142 2008 9.'-scH.

245 2025 286 2076 73.
303 2025 409 2087 Vulgati,
433 2026 509 2087 Terqa
526 2028 602 2072 nitent
617 2025 692 2073 stellis
708 2040 723 2072 a
741 2041 786 2087 qua
801 2041 825 2072 se
843 2027 928 2072 vertice
944 2025 1013 2073 tollit.
1048 2024 1153 2073 Versum
1170 2041 1207 2072 se-

212 2096 328 2151 quentem
343 2091 377 2138 ito
388 2089 502 2150 exprimit
518 2089 673 2149 Besileensis,
691 2089 815 2137 Succr'duis
822 2087 920 2150 penitae
930 2090 1022 2151 lapsam
1031 2095 1055 2136 et
1065 2089 1207 2138 miserabile.

212 2154 295 2210 Vides,
312 2155 413 2202 delicere
424 2170 508 2202 vocem
520 2154 645 2202 ultimam:
664 2155 717 2217 ejus
732 2154 786 2201 loco
798 2154 941 2217 posteriores
952 2154 1069 2202 editiones
1079 2162 1208 2204 monstrum

211 2219 308 2268 habent.
342 2219 462 2281 Egregios
480 2234 535 2267 vero
554 2219 673 2277 homines,
692 2219 734 2282 qui
753 2220 817 2281 quod
834 2219 901 2266 deest
917 2219 943 2266 in
959 2220 1105 2278 auctoribus,
1123 2227 1209 2282 suopte

212 2285 311 2346 ingenio
327 2284 450 2346 supplent,
467 2291 491 2331 et
507 2299 550 2346 pro
566 2284 680 2345 genuinis
691 2285 824 2332 venditant.
858 2283 893 2330 Et
910 2299 1020 2345 quaenem
1031 2285 1091 2332 ratio
1104 2292 1148 2343 est,
1165 2300 1209 2332 cur

212 2349 339 2411 Engonasi
350 2355 478 2396 monstrum
489 2350 602 2396 vocetur?
637 2348 700 2396 Vere
709 2349 791 2410 itaque
809 2348 971 2411 Menuscripti
981 2348 1061 2407 lectio,
1079 2365 1152 2411 quom
1164 2365 1209 2398 nos

212 2415 290 2462 secuti
307 2429 399 2462 snmus.
434 2413 506 2463 Quod
518 2413 539 2461 si
550 2413 612 2460 mihi
622 2413 712 2471 credas,
730 2413 779 2460 imo
797 2413 844 2476 ipsi
860 2412 944 2470 Arato,
961 2413 1005 2462 hos
1016 2429 1099 2462 versus
1111 2415 1146 2462 ita
1157 2430 1208 2462 res·

212 2479 295 2539 times,
306 2478 440 2527 commistis
452 2477 604 2535 lectionibus,
618 2477 691 2526 Clara
699 2476 823 2526 Ariadnen
832 2483 949 2540 quastrmt
956 2493 1024 2526 sacra
1032 2482 1101 2541 sipna
1110 2495 1208 2537 carone,

214 2543 304 2605 (Hunc
313 2544 351 2592 1111
361 2543 471 2590 Bacchus
482 2543 582 2591 rnanmt
591 2558 681 2591 ntemor
690 2543 758 2590 addit
767 2541 889 2603 honorem)
906 2542 983 2604 Terqa
994 2545 1069 2591 nitent
1080 2544 1159 2592 stellr's.
1177 2544 1210 2592 Ar

212 2625 262 2671 qua
280 2624 304 2656 se
323 2611 409 2656 vertice
425 2609 488 2656 tollit
507 2607 632 2656 succiduis
648 2605 747 2670 pentius
764 2609 856 2670 lapsam
872 2612 896 2653 et
912 2607 1043 2657 miserabile
1061 2610 1134 2666 sidus,
1156 2609 1210 2657 Hac

215 2673 350 2736 Ophiuchus
360 2676 412 2720 erit.
446 2673 623 2735 Conjungenda
633 2673 686 2720 haec
697 2687 754 2721 cum
765 2671 936 2734 superioribus,
945 2673 986 2721 ubi
997 2673 1026 2720 de
1038 2672 1103 2721 Nixa
1113 2674 1210 2722 locutus

213 2745 259 2786 est.
277 2739 390 2786 Invenies
401 2737 445 2785 illa
455 2738 553 2796 Aratea,
565 2737 645 2800 Νώτῳ
656 2736 704 2801 μὲν
716 2735 828 2800 ςὲφανος
839 2733 938 2796 πελάει,
950 2736 1076 2801 κεφαλῆγε
1087 2737 1135 2801 μὲν
1146 2737 1212 2803 ‹irpp

214 2801 327 2851 Σιεέπτεο
340 2801 394 2866 πὰρ
405 2799 521 2866 κεφαλήν
533 2800 676 2865 ὀφιοὺχεον,
719 2803 827 2850 Omnino
839 2803 987 2852 desideratur
997 2802 1039 2850 illa
1050 2804 1210 2865 parenthesis:

213 2868 249 2916 Et
260 2869 393 2916 notandum
405 2876 449 2926 est,
470 2868 645 2915 Germanicum
661 2867 740 2914 dicere
755 2868 801 2925 illi,
821 2875 936 2931 tanquam
956 2867 977 2914 si
995 2882 1044 2915 non
1062 2867 1210 2916 Ariadneam

213 2949 328 2981 coronam
339 2933 381 2980 sed
393 2932 507 2979 Ariadnae
519 2931 626 2990 dixisset,
644 2929 700 2980 κατ’
718 2930 896 2996 loodurapiav.
938 2932 1090 2980 Germanum
1102 2939 1138 2979 est
1148 2933 1210 2981 illud

214 2997 296 3045 Ovidii
306 2997 348 3046 lib.
358 2997 381 3045 I.
392 2995 503 3044 daPont.
515 2995 570 3058 clep.
581 2996 603 3044 1.
616 3013 638 3044 a.
650 2998 688 3046 27.
719 2996 827 3060 Denique
839 2999 952 3056 Cesarea,
965 2997 1028 3059 qaod
1037 3012 1085 3044 nan
1096 2997 1212 3046 desiderat

213 3064 272 3124 ipse,
292 3062 350 3110 Nan
366 3068 431 3110 caret
447 3077 459 3108 e
477 3065 563 3109 nastris
583 3063 647 3109 ullus
665 3063 752 3109 honore
767 3062 834 3110 liber.
870 3063 957 3110 (inor.
998 3062 1140 3110 Consimilis
1152 3078 1211 3124 quo·

214 3128 388 3175 dammodoest
396 3126 572 3174 loensCaessris
583 3127 624 3175 lib.
635 3127 657 3174 I.
668 3126 732 3174 Bell.
745 3128 809 3176 Gall.
822 3142 844 3176 c.
853 3129 893 3187 40,
902 3143 920 3174 s.
931 3129 953 3175 5.
965 3133 1030 3175 recte
1038 3127 1211 3190 etsimpliciter

213 3194 399 3254 interpretatum
426 3190 528 3239 Factum
546 3194 617 3238 etiam
636 3207 711 3253 nuper
734 3191 881 3254 (periculum
903 3193 955 3254 ejus
975 3191 1062 3251 hastis)
1083 3194 1110 3239 in
1133 3192 1210 3240 ltalia

212 3258 294 3306 servili
306 3257 415 3313 tumultu,
426 3271 483 3318 quos
494 3263 571 3307 tanna
583 3258 671 3319 alr'qnis
681 3271 737 3304 ustis
746 3272 775 3304 ac
785 3257 918 3319 discifrlina,
930 3271 1002 3319 quam
1010 3271 1025 3302 a
1034 3257 1102 3305 nabis
1112 3259 1212 3320 accepis·

213 3329 272 3380 sent,
292 3321 429 3369 sublevaret.
464 3320 530 3368 Num
548 3321 583 3367 its
600 3322 669 3382 ponit
687 3337 753 3383 quos,
774 3323 842 3385 quasi
859 3322 960 3368 dixisset
971 3336 1090 3369 seruorum
1101 3323 1212 3370 tumultu.

214 3386 291 3434 Varro
303 3386 341 3435 II.
353 3403 374 3434 c.
386 3387 409 3434 6.
441 3384 495 3446 Epa
504 3385 532 3432 de
543 3389 617 3433 asinis
626 3389 775 3448 patr'ssr'mum
785 3388 870 3443 sileam
887 3385 1012 3448 quodsum
1030 3388 1153 3442 Reatinus,
1171 3387 1213 3435 ubi

213 3454 297 3514 aptiori
308 3459 331 3499 et
341 3453 529 3513 masimifiunt:
545 3451 614 3512 qussi
626 3451 734 3507 dixisset,
746 3452 809 3514 quad
818 3467 870 3500 sum
881 3467 896 3498 a
909 3453 992 3508 Reate,
1002 3449 1052 3509 ubi,
1064 3451 1211 3508 ose-scu.

213 3517 349 3564 —Nitet
360 3516 388 3565 P.
404 3515 491 3577 (lbid.)
507 3522 533 3562 at
543 3530 591 3577 qua
601 3531 625 3562 se
637 3514 734 3577 verta'cc]
756 3516 785 3564 de
802 3531 825 3579 g.
843 3516 907 3578 conj.
925 3516 961 3563 sb.
985 3530 1060 3578 aquas
1070 3521 1167 3564 avaritae
1180 3515 1213 3565 A.

215 3581 248 3630 ad
259 3597 317 3644 qnos
328 3597 352 3629 se
361 3597 385 3628 v.
395 3580 491 3642 BEGg.
507 3596 523 3627 a
534 3595 579 3642 qao
591 3595 615 3628 se
626 3580 746 3628 P.-OR..

248 3647 288 3698 74.
308 3646 430 3708 Suspicori
441 3645 506 3701 licet,
523 3644 628 3706 effigiem
639 3645 702 3692 hanc
713 3645 787 3692 fnisse
799 3643 923 3692 hominem
935 3644 965 3690 ab
981 3644 1123 3707 AEsculepio
1134 3645 1213 3693 vicino

214 3718 334 3758 curatum.
356 3709 456 3758 Veteres
467 3709 508 3757 alii
520 3709 651 3767 Theseum,
663 3709 704 3757 alii
714 3709 848 3758 Herculem
856 3725 909 3757 esse
918 3709 1213 3758 dictitans-scu.-

214 3774 329 3824 Sasernas
340 3776 371 3826 A.
384 3774 469 3836 (Ibid.)
486 3772 585 3836 menam]
600 3774 667 3822 BEb.
686 3775 782 3837 lapsum
791 3774 872 3836 APgs.
890 3773 976 3835 (lbid.)
992 3775 1125 3822 mnerahue
1136 3772 1212 3837 sr'dus]

216 3840 341 3902 BEGgsb.
359 3856 408 3888 om.
420 3840 484 3888 sidus
495 3839 548 3890 ΑΡ.
566 3839 665 3900 (Morel.
677 3839 844 3900 suppleverat:
862 3839 1104 3901 rnanstrum.)—OR.

249 3905 287 3956 75.
308 3905 386 3968 Caput
403 3910 458 3952 ante
468 3901 579 3962 nitendo]
596 3904 651 3952 MS.
669 3904 782 3952 notabitis
798 3904 878 3964 refert,
897 3903 939 3952 sed
950 3919 1033 3952 versus
1050 3919 1098 3952 non
1117 3904 1214 3965 patitur.

215 3969 290 4032 Lege,
309 3969 388 4033 Lonqc
406 3975 477 4031 caput
495 3975 549 4018 ante
564 3969 664 4017 notabis.
699 3969 802 4017 Natalis
812 3969 903 4018 Aratus
914 3966 1092 4032 ἐπιφράσσαιο.
1127 3969 1213 4016 Gnor.

215 4032 458 4096 —SCH.——Hao]
480 4034 589 4082 BEGsb.
615 4037 664 4082 Hic
685 4033 754 4096 APg.
782 4034 870 4096 (capud
889 4034 921 4083 A.
946 4033 1030 4095 (ibid.)
1051 4031 1156 4094 natalis]
1182 4033 1215 4081 u.

214 4098 313 4146 firmans
324 4114 349 4160 g.
364 4099 428 4160 couj.
439 4099 475 4147 sb.
491 4098 604 4147 natabilis
616 4099 669 4146 BG.
686 4100 782 4146 nitendo
794 4099 863 4161 APg.
882 4098 934 4161 (De
954 4099 981 4147 F.
992 4114 1041 4146 non
1052 4105 1147 4145 constat
1157 4098 1213 4145 inde

214 4178 262 4212 ev.
273 4166 313 4214 71.
328 4179 404 4225 usque
416 4163 445 4211 ed
459 4179 480 4212 v.
491 4163 633 4222 86.)-OR.

1138 4332 1150 4358 Ο
