2902 4838
530 590 566 625 no
578 587 758 625 rnnnousur
771 587 890 624 Anares.
1160 574 1202 623 lvii

236 717 391 830 497.EHnjus
397 731 471 829 ,ὄνέκ
488 716 544 782 (εἰε)
561 716 593 765 A.
610 716 737 778 adsurgere
747 715 825 765 ΔΕΒ.
844 715 898 780 (hic
909 730 923 763 s
933 729 968 778 pr.
980 711 1028 775 ιιι.)
1045 729 1068 776 g.
1085 718 1161 763 remis
1170 714 1203 766 A.

214 783 295 830 nonB
323 783 398 841 G.)-
449 816 455 829 .

203 781 214 843 (
235 849 291 895 498.
310 848 391 908 Lonpe
402 850 429 894 in
439 844 517 908 nocte]
529 849 560 894 A.
578 847 647 908 lonpn
656 851 723 894 nocte
733 845 947 908 BEGgsb.—0R.

234 913 292 960 499.
311 913 384 959 Nullo
399 910 490 973 minor]
510 911 649 959 Macrobius
668 911 751 959 Somn.
769 912 832 973 Scip.
849 909 893 960 lib.
907 910 926 957 l.
938 924 958 958 c.
974 909 1012 966 15,
1032 906 1141 971 Quinque
1158 910 1202 958 olii

201 977 285 1024 circuli
297 977 411 1038 paralleli
427 980 549 1024 voconiae.
585 976 679 1023 Horum
688 977 777 1023 medius
788 983 810 1024 et
818 977 936 1022 mocimus
947 980 981 1022 est
991 975 1202 1036 aequinoctialis.-

203 1039 440 1089 scm—Melsos
460 1041 492 1088 A.
516 1041 575 1100 (non
597 1040 689 1100 ΒΕΘ.)
717 1041 802 1101 (lbid.)
821 1038 918 1103 agetur]
940 1039 993 1087 BE.
1018 1038 1080 1086 orbis
1098 1038 1202 1100 (rasura)

200 1111 302 1167 aperitur
312 1106 368 1166 (sic)
379 1107 412 1154 A.
429 1104 529 1152 labetur
541 1105 562 1152 G
574 1107 583 1151 l
601 1105 745 1167 gen-Oli.

234 1172 289 1219 500.
305 1168 434 1233 Redintor]
454 1171 480 1218 in
492 1169 547 1217 MS.
566 1178 616 1218 erat
635 1170 713 1232 spatio
723 1176 823 1218 vacante
834 1184 847 1217 r
857 1168 873 1215 d
882 1173 940 1225 ntor,
952 1167 1018 1215 unde
1035 1182 1079 1229 ego
1095 1169 1202 1216 radiolos

200 1234 254 1282 leci.
288 1235 373 1283 Cicero
391 1235 503 1283 similiter
520 1242 605 1297 quarto
624 1235 828 1283 Academicorum
839 1234 911 1281 solem
921 1233 1042 1281 radiatum
1051 1233 1119 1280 dixit.
1154 1232 1202 1280 Sed

199 1299 246 1348 hoc
258 1299 362 1361 vulgare.
397 1299 657 1348 Gn.—SCH.-In
667 1315 810 1362 quocumque
820 1298 865 1346 Pl.
877 1297 907 1345 E.
925 1297 998 1345 solus.
1017 1297 1103 1359 (Ibid.)
1120 1298 1202 1345 rodin-

198 1363 247 1476 tAor]
265 1364 363 1476 ἔξω.
380 1365 481 1413 rdotos
491 1364 546 1424 (sic)
558 1365 591 1412 G.
607 1365 687 1412 radios
698 1364 732 1412 A.
756 1363 843 1426 (lbid.)
862 1360 959 1425 extulit]
978 1362 1102 1424 BEGgsb.
1119 1363 1202 1410 intulit

232 1493 288 1542 501.
307 1491 407 1541 Dividit
424 1494 517 1556 equali,
535 1493 586 1552 irc]
608 1493 665 1556 quia
683 1493 764 1542 medio
786 1492 879 1541 ambitu
896 1491 1005 1554 signiferi
1027 1491 1091 1539 orbis
1111 1491 1201 1540 incedit

198 1557 383 1620 {equinoctialin
402 1565 430 1605 ut
447 1558 542 1606 Plinius
554 1559 591 1607 11.
604 1575 623 1606 c.
637 1558 668 1608 70
679 1558 794 1620 loquitur.
831 1556 937 1605 Noctem
955 1563 1036 1604 nutem
1054 1563 1135 1618 aequat
1152 1556 1201 1604 disi

198 1622 242 1678 sol,
260 1637 336 1684 quum
352 1623 377 1670 in
395 1623 469 1670 Libra
486 1633 510 1670 et
529 1623 611 1670 Ariete
624 1630 668 1671 est.
703 1624 769 1671 Hinc
781 1623 876 1671 Auson.
887 1622 963 1683 eclog.
975 1622 1005 1669 de
1016 1627 1061 1668 rat.
1072 1620 1113 1668 lib.
1126 1637 1147 1669 r.
1161 1623 1200 1679 31,

197 1687 274 1735 Libro
286 1686 322 1734 dii
331 1691 451 1749 somnique
459 1703 531 1749 pares
541 1689 681 1736 determinat
691 1688 770 1737 leonas.
804 1687 840 1735 Et
857 1687 968 1749 Eclogar.
977 1701 1032 1749 pag.
1047 1686 1101 1746 197,
1116 1686 1200 1734 Curri-

196 1753 320 1815 culnmqne
331 1751 400 1799 Aries
410 1759 488 1814 aeqnot
499 1757 573 1800 noctis
592 1769 619 1800 ue
630 1755 719 1816 diique,
732 1752 879 1810 sne—scu.

229 1818 284 1864 502.
302 1817 402 1864 Libroto
413 1817 487 1864 sidere
498 1769 592 1878 moolli
604 1818 665 1865 forte
676 1818 763 1866 librato
773 1817 877 1879 pondere
888 1816 976 1864 mundi.
1005 1813 1131 1862 Avienus:
1153 1816 1200 1864 Cur

194 1880 1201 2009 tittltiltiltllintitul.iitltlrttltt¹lltt⁰tu

291 1996 295 2006 ,
507 1983 512 1994 ·
1116 1979 1121 2002 r

197 2011 289 2058 Caesari
300 2011 386 2059 librato
396 2012 443 2059 hoc
452 2019 489 2059 est
499 2020 598 2074 nqnoso,
616 2027 672 2059 narn
684 2012 796 2060 mundum
806 2012 868 2059 nihil
880 2011 947 2059 aliud
956 2025 1090 2073 essequam
1099 2009 1199 2068 coelum,

192 2075 244 2137 jam
263 2083 357 2123 notum.
399 2076 451 2124 Gn.
484 2077 582 2124 Mundo
598 2077 663 2125 hand
680 2077 751 2124 dubie
769 2093 853 2125 verum
877 2074 1199 2124 est-SCH.—Libroto

194 2141 277 2195 sidere,
288 2139 386 2203 mundo]
405 2155 424 2188 s.
437 2141 500 2203 conj.
527 2141 613 2189 librato
628 2142 703 2190 sidere
718 2143 802 2190 mundi
819 2141 933 2204 BEng.
956 2140 1032 2189 libolo
1047 2138 1128 2188 sidero
1143 2141 1200 2203 (ric)

194 2206 277 2253 mnndi
290 2205 321 2252 A.
338 2205 423 2252 librato
429 2207 531 2268 pondere
543 2207 626 2254 mundi
636 2222 659 2268 g.
671 2207 829 2270 susp-Oli.

227 2271 283 2318 503.
299 2270 357 2326 Vere
368 2270 399 2318 A.
410 2271 531 2330 sicundae
542 2271 661 2320 B.-0R.

227 2335 282 2384 504.
300 2333 383 2397 AEqno
396 2336 563 2397 tnnpnnturnl
576 2334 642 2398 orbe]
661 2335 687 2384 id
703 2342 746 2393 est,
764 2352 813 2384 non
825 2336 986 2397 attinguntur,
1003 2340 1028 2382 et
1044 2333 1131 2382 iccirco
1148 2335 1199 2382 vim

193 2399 288 2447 nullam
307 2401 337 2447 ab
361 2415 389 2447 eo
408 2400 819 2462 patiuntur.—SGH.—-'I'nnms
836 2417 886 2466 qne
903 2416 948 2463 qno
965 2401 997 2448 A.
1020 2398 1111 2462 (ibid.)
1130 2398 1197 2464 orbe]

193 2463 321 2526 ABGgsb.
342 2480 383 2512 ore
393 2464 516 2513 E.—0R.

227 2531 283 2576 505.
299 2529 347 2577 Sed
361 2533 473 2592 princeps
491 2533 553 2578 ories
571 2529 631 2593 toto]
652 2530 782 2593 Hyginus:
805 2531 878 2578 Nunc
891 2531 1003 2592 motinus
1019 2525 1065 2576 XI
1080 2531 1199 2589 signorum

186 2591 358 2654 figurationem
373 2595 482 2651 dicernns,
502 2611 600 2658 qnorum
616 2601 650 2643 est
664 2597 773 2658 princepe
791 2594 868 2644 Aries.
907 2596 1067 2656 Anonymus:
1085 2593 1199 2654 Nigidius

194 2656 257 2706 lunc
273 2659 377 2707 Arietem
386 2661 449 2707 lien
458 2661 540 2708 dorem
557 2665 580 2707 et
595 2663 727 2723 principem
737 2676 786 2708 esse
797 2665 916 2722 sipnorum
927 2659 1032 2707 Zodioci
1041 2659 1133 2707 circuli.
1167 2658 1199 2706 In

194 2722 331 2771 catalectis:
356 2723 484 2786 Signorum
500 2727 609 2788 princeps
627 2728 709 2773 ories:
725 2735 750 2773 et
767 2724 886 2772 Manilius
903 2725 944 2771 lib.
959 2723 981 2771 I.
999 2738 1021 2770 v.
1033 2723 1090 2779 262,
1109 2725 1199 2771 Aurata

190 2791 302 2850 princeps
311 2788 380 2836 Aries
390 2791 417 2836 in
427 2791 511 2838 vellere
520 2791 626 2849 salomes.
661 2790 711 2838 Gn.
746 2788 816 2838 Adde
836 2789 875 2836 his
894 2787 1040 2836 testimoniis
1059 2787 1122 2834 illud
1139 2787 1199 2836 Var-

193 2852 259 2899 ronis
277 2853 306 2900 de
325 2856 354 2900 R.
374 2855 402 2901 R.
415 2855 451 2903 II.
464 2870 487 2902 c.
501 2857 521 2902 1.
555 2855 677 2903 Praeterea
692 2853 733 2901 hic
749 2854 881 2903 necessitas
893 2854 961 2900 nobis
972 2851 1071 2900 extorsit
1081 2858 1150 2900 totus.
1167 2869 1199 2902 nn

194 2917 259 2965 enim
272 2919 340 2966 Aries
352 2925 431 2966 totum
442 2919 561 2966 circulum
572 2919 766 2981 aequinoctialem
778 2921 896 2981 occupati
915 2917 1029 2966 namhoc
1040 2923 1084 2971 est,
1102 2931 1155 2966 esse
1172 2919 1199 2968 in

193 2987 241 3028 toto
259 2982 320 3030 orbe.
352 2982 415 3030 Vide
432 2991 501 3031 notas
520 2984 550 3031 ad
567 2999 589 3032 v.
609 2983 917 3032 498.-scH.—Torm
929 2981 1138 3046 sulpebitinillo]
1157 2983 1199 3042 A..

194 3047 236 3094 sed
248 3062 260 3093 a
273 3063 308 3110 pr.
319 3062 409 3095 manu:
427 3054 493 3096 totos.
511 3054 559 3096 toto
563 3045 666 3110 fulgebit
677 3050 703 3095 in
715 3047 771 3095 orbe
780 3047 995 3110 snagin-ort.

226 3111 282 3159 506.
305 3111 359 3159 Duo
375 3113 453 3160 sidero
470 3111 559 3174 cruris]
580 3113 662 3160 Habet
680 3113 746 3160 enim
763 3112 858 3160 Taurus
870 3113 959 3161 inflexo
969 3128 1039 3163 crure
1050 3116 1098 3163 duo
1111 3112 1197 3172 sidera,

193 3174 297 3288 ἓίῑῖιιιιιι
308 3177 334 3224 in
350 3192 423 3239 genu,
435 3178 540 3226 alterum
550 3178 577 3225 in
588 3178 688 3239 ungula.
722 3177 778 3228 Vid.
797 3177 936 3242 Hyginum.
970 3179 1197 3228 Gn.-SCH.—-

212 3255 228 3288 n
245 3242 406 3290 nnn-on.

226 3305 282 3355 507.
300 3310 333 3354 At
344 3304 458 3369 nardium]
472 3307 539 3355 Male
551 3307 606 3355 MS.
617 3307 656 3364 od,
676 3307 716 3354 oui
733 3306 826 3354 similes
843 3322 934 3355 encres
953 3308 1072 3371 plurimos
1088 3309 1115 3356 in
1130 3307 1198 3355 hisce

193 3366 340 3428 ἁνεκδότοις
351 3372 508 3419 correximus.
542 3370 815 3434 (tn-sein—lr]
825 3373 878 3434 gsb.
895 3371 934 3419 Ad
944 3373 1141 3421 Anno-on.

226 3436 284 3484 500.
303 3437 383 3498 Hydri
394 3442 417 3483 et
431 3437 556 3485 Craterum
567 3436 658 3501 lenem]
671 3441 759 3485 Aratus
770 3453 831 3485 vers.
844 3437 899 3493 519,
912 3435 1012 3502 Καμπὴ
1025 3442 1046 3486 τ’
1059 3435 1199 3501 αἱὲομὲνης

193 3497 271 3566 ὕδρης
281 3499 319 3549 ἔνι
331 3498 354 3549 ir
367 3501 408 3549 nai
420 3499 530 3565 ἐλαφρὸς
541 3500 656 3566 Κρητήρ,
674 3501 703 3550 ἐν
714 3499 739 3548 δὲ
751 3499 837 3566 κόραξ.
871 3501 937 3550 Hinc
954 3505 1030 3566 igitur
1048 3513 1129 3552 nostra
1146 3518 1199 3550 cor·

192 3568 275 3616 rectio.
309 3567 374 3615 Nem
386 3567 432 3629 ipsi
444 3567 509 3615 oculi
520 3568 615 3624 docent,
632 3583 677 3615 neo
690 3567 814 3615 craterem
825 3582 870 3614 nec
882 3567 995 3617 ultimam
1010 3570 1112 3617 caudam
1123 3567 1200 3617 secari

192 3645 236 3694 per
254 3631 457 3694 aequinoctialem.
502 3632 536 3680 Et
557 3632 638 3679 Autor
659 3641 741 3680 noster
759 3647 843 3679 rursus
864 3632 905 3680 hic
926 3643 1003 3682 artem
1028 3643 1051 3682 et
1071 3633 1200 3696 ingenium

192 3697 306 3755 ostendit,
324 3701 426 3744 Aratum
443 3705 610 3758 superaturus.
646 3697 762 3760 Coruique
774 3695 904 3760 querentis]
917 3699 999 3748 Possis
1010 3714 1040 3747 ex
1049 3699 1131 3747 lnbnla
1142 3713 1200 3746 oon·

188 3760 264 3823 jicere
279 3763 394 3825 Coruique
405 3765 514 3823 parentis.
550 3761 648 3809 Dicitur
667 3763 732 3809 enim
749 3762 775 3809 in
792 3762 874 3811 fabula
885 3773 1003 3812 craterem
1019 3779 1116 3826 gerere:
1135 3764 1200 3826 quod

192 3832 275 3873 tamen
295 3827 321 3874 in
338 3826 471 3874 asterismis
488 3827 558 3874 aliter
576 3834 621 3874 est.
656 3826 703 3874 Sed
715 3827 791 3874 setius
802 3835 839 3875 est
849 3833 966 3890 querentis
977 3829 1129 3891 interpretari
1140 3827 1199 3891 κρά-

193 3887 294 3948 ζοντες.
328 3891 421 3938 Corvus
434 3899 516 3939 autem
527 3891 552 3938 in
565 3891 642 3939 cauda
654 3899 691 3940 est
709 3891 810 3954 Hydrae,
829 3908 903 3954 quare
921 3895 982 3942 bene
1000 3893 1125 3956 subjungit
1141 3893 1200 3953 deji-

191 3959 259 4004 cinnt
269 3959 339 4018 nigro
351 3972 398 4019 qua
407 3956 485 4004 sidera
498 3956 581 4004 modo.
617 3959 678 4004 Sunt
690 3956 756 4003 enim
767 3956 844 4004 stellae
862 3957 912 4006 illae
930 3958 1116 4006 obscurissimis.
1151 3959 1200 4021 Hy·

191 4021 264 4083 ginus
281 4021 307 4068 in
326 4022 451 4069 asterismo
467 4021 574 4084 Hydrae:
592 4023 618 4068 in
629 4025 713 4086 quinto
722 4037 794 4084 nsque
804 4022 836 4069 od
846 4023 946 4072 mudum
957 4029 1016 4082 octo,
1027 4038 1105 4071 omnes
1121 4021 1200 4071 olene

193 4101 243 4137 ras.
278 4085 327 4136 Ubi
344 4087 450 4150 pessime
467 4086 614 4135 scholiastes
630 4090 775 4152 Anonymus
792 4092 844 4135 octo
860 4087 938 4137 cleros
954 4089 1043 4151 posuit,
1060 4102 1200 4154 quanquam
