2902 4838
255 567 345 618 unviti
712 579 790 616 narn

255 704 314 770 tela]
331 701 438 754 nutu.
456 703 535 768 (prob.
563 703 580 764 .)
596 703 631 752 sb.
649 702 704 750 eale
723 701 889 766 sP3.(1ua)
907 703 1027 754 Fortasse.
1044 704 1192 768 appadtu'st.
1207 703 1247 754 etr.

256 771 345 820 nest.
362 769 447 832 (ibid.)
463 775 540 816 meas
580 767 700 830 AFPgsb.
715 767 875 830 arduBEG.
891 769 977 832 (lbid.)
994 769 1078 833 quum]
1104 773 1144 819 Sin
1154 771 1209 820 dedi
1219 771 1247 818 de

255 835 352 900 penul.
428 833 714 896 nederusen-ott.

288 903 345 949 320.
363 849 422 948 ΚΒ
441 897 532 948 excidia
554 913 622 962 quens
647 895 722 960 Trnja
741 895 865 960 jurarem]
894 897 952 947 Huc
973 897 1079 961 pertinet
1099 899 1165 961 quad
1186 898 1248 961 apud

255 965 387 1028 Virgilium
398 963 457 1012 AEn.
468 963 509 1012 lib.
523 963 545 1020 1,
564 977 585 1010 v.
598 963 637 1020 32,
655 961 784 1010 stimulent
803 961 927 1010 lunonem
948 971 1033 1012 centn
1051 963 1170 1026 'Irojunos
1187 966 1249 1024 rapti

258 1029 402 1094 Ganymedis
412 1027 518 1076 lunares.
551 1027 584 1075 Et
594 1027 643 1074 hue
687 1028 759 1075 rtinet
779 1026 881 1074 Luelsni
903 1027 1023 1090 Dialogus
1038 1025 1121 1092 Ἥρας
1132 1029 1174 1076 καὶ
1185 1030 1248 1086 Διός.

257 1097 345 1146 Οιοτ.
376 1093 444 1140 Adde
455 1091 536 1140 Ovidii
548 1091 613 1140 Fut.
622 1091 644 1138 V
661 1093 1005 1140 mesen—eretum
1015 1093 1042 1142 B.
1053 1093 1217 1143 solus.—0R.

289 1160 345 1208 321.
363 1155 477 1218 Delphini
488 1155 637 1218 tuaebreves]
651 1155 685 1205 lli
696 1165 745 1204 tres
756 1171 840 1204 versus
850 1171 881 1204 ex
889 1157 1056 1220 Munuseripto
1065 1165 1123 1205 sunt
1129 1160 1248 1208 restituti:

255 1237 359 1288 quorum
376 1223 470 1286 primus
480 1221 514 1270 its
523 1221 697 1278 emendandus,
716 1219 821 1281 Detptn
830 1221 884 1268 tude
895 1219 971 1270 trevis
980 1223 997 1269 l.
1007 1224 1026 1269 ι’.
1039 1223 1066 1270 C.
1096 1223 1250 1273 Gn-scn.

256 1287 446 1336 —Omittunt
455 1295 503 1334 tres
515 1301 552 1334 vv.
560 1285 676 1334 321-323.
695 1283 769 1333 AFP.
796 1285 895 1334 Omittit
906 1293 1000 1350 septem
1012 1301 1049 1334 vv.
1062 1288 1179 1339 321-327.
1206 1291 1249 1338 Cd.

257 1353 288 1402 E.
324 1352 421 1400 liubent
441 1351 496 1400 BG.
528 1350 613 1412 (ibid.)
631 1349 737 1412 Delphin
755 1347 823 1412 inde]
841 1349 871 1398 de
881 1365 906 1414 g.
916 1351 981 1414 conj.
992 1351 1028 1400 sb.
1046 1351 1180 1412 Delphinus
1197 1355 1249 1402 inde

257 1417 287 1466 Β.
306 1415 420 1476 Delpttnt
430 1415 484 1464 lnde
496 1413 636 1478 (tn-ott.

289 1483 344 1530 322.
365 1479 435 1530 Tulit
455 1481 494 1528 nu
516 1478 640 1528 Atlantida
661 1477 801 1542 Nymphen]
820 1477 860 1528 De
875 1479 1022 1543 Amphitrite
1037 1495 1081 1544 per
1099 1481 1249 1546 Delphinum

256 1554 340 1596 evectu
350 1545 404 1593 vide
415 1545 538 1594 Avienum
547 1552 572 1593 et
583 1543 916 1607 Hyginum-Gn-sctt.

289 1613 345 1660 324.
363 1611 419 1658 Om.
432 1626 482 1673 que
495 1609 617 1658 n.-0R.

288 1678 345 1724 325.
362 1673 471 1736 Borean]
489 1674 560 1736 nug.
579 1674 681 1722 Baream
693 1672 748 1722 Psb.
765 1673 863 1720 adsueta
873 1673 1035 1736 suff-012..
1265 1709 1267 1714 .

289 1741 346 1790 323.
365 1739 468 1788 Declr'ais
485 1737 592 1800 ducitur]
612 1739 663 1786 MS.
674 1737 769 1785 declivis
778 1739 866 1786 dlar'tur
875 1739 939 1796 orda,
950 1739 1016 1800 quod
1027 1753 1075 1786 non
1086 1740 1196 1802 probe·
1202 1741 1250 1790 Gn.

255 1805 488 1854 SCli.—decliuls
505 1803 643 1866 A(F)Pgsb.
650 1802 748 1850 dandule
755 1803 810 1850 BG.
817 1803 905 1852 dicitur
914 1803 967 1850 BG.
976 1809 1059 1852 contre
1066 1804 1250 1865 A(F)P.-0R.

289 1871 345 1920 327.
362 1869 439 1918 Sentit
460 1875 482 1916 et
524 1867 592 1916 Male
618 1867 798 1930 manuscriptus
821 1867 1253 1920 sentiet.—Gn.-SCH.-—eentlet

256 1938 301 1984 ins.
318 1934 441 1982 G.-0R.

290 2001 345 2048 328.
364 1997 460 2046 Primus
470 2000 497 2046 ln
507 1994 615 2060 alliquo]
634 1995 668 2044 Hi
679 2003 728 2044 tres
739 2011 822 2044 versus
833 1995 860 2044 in
871 1995 976 2059 vulgatis
986 1996 1104 2045 haetenus
1116 1999 1252 2048 desuemut.

257 2063 362 2112 Versum
382 2063 496 2125 quintum
514 2061 589 2110 iidem
606 2062 641 2110 its
658 2061 806 2124 concipiunt,
833 2062 891 2109 Tela
911 2067 982 2124 caput
1002 2065 1129 2126 magnique
1149 2064 1252 2113 numu-is

255 2132 291 2176 sie
302 2128 391 2176 balteus
402 2127 477 2174 ardet.
511 2126 673 2189 Munusaripti
690 2125 818 2173 lectionem
830 2125 856 2174 in
867 2133 935 2174 textu
946 2126 1028 2174 hebes.
1062 2127 1142 2176 Versu
1158 2129 1251 2187 ultimo,

256 2193 432 2256 ubivulgetam
444 2191 572 2240 lectionem
583 2191 665 2250 habes,
685 2193 729 2238 MS
740 2191 813 2238 hebet
826 2194 932 2253 perusinis
947 2194 982 2238 eta
994 2191 1054 2253 pede
1066 2193 1135 2240 ludit.
1171 2194 1252 2244 Quare

256 2258 360 2312 testimo,
368 2257 440 2304 hosce
452 2271 535 2304 versus
545 2257 580 2304 its
590 2255 719 2318 legendus:
738 2253 837 2303 Primus
844 2258 870 2304 in
881 2255 1001 2316 obliquum
1011 2257 1153 2317 rapitursuh
1162 2265 1252 2320 pectore

260 2323 340 2372 Tauri
353 2322 443 2370 Oudon:
458 2337 506 2369 non
522 2322 573 2370 ulla
590 2323 665 2382 rnapls
683 2321 762 2368 vicina
780 2320 873 2368 notabit
890 2321 967 2368 Stella
980 2323 1065 2376 uirum,
1086 2337 1170 2383 sparsa
1182 2339 1253 2385 quam

256 2395 305 2438 tata
316 2403 411 2450 carpere
421 2389 532 2449 flamma.
570 2383 631 2432 Tale
645 2391 724 2447 caput,
742 2387 868 2448 maqus‘que
877 2384 976 2442 humeri,
986 2389 1020 2432 sle
1030 2384 1136 2434 baltlwus
1149 2391 1205 2445 exit,
1216 2391 1253 2436 Sia

257 2455 344 2516 aapina
354 2455 423 2510 eruis,
432 2452 524 2514 pernici
529 2453 563 2498 sia
571 2451 630 2512 pede
639 2450 705 2496 lucet.
740 2450 772 2497 In
782 2449 904 2513 obliquum
912 2450 1015 2506 restitui,
1026 2451 1163 2512 postulante
1173 2469 1252 2501 sensu.

259 2517 327 2568 Quin
338 2518 422 2566 eadem
433 2515 523 2564 locutio
536 2514 681 2562 Germanico
691 2513 749 2562 alibi
756 2515 854 2562 usitata.
889 2514 921 2562 Iu
931 2515 1025 2562 caeteris
1043 2514 1088 2562 hoa
1104 2516 1177 2564 dicit:
1197 2518 1252 2564 Ori-

257 2597 330 2631 onem
342 2597 389 2630 uan
399 2581 486 2630 debere
497 2595 527 2627 ex
541 2579 626 2627 vicinis
637 2579 708 2626 nstris
718 2580 792 2638 nosci,
808 2580 851 2626 sed
867 2580 919 2627 suis
935 2579 1054 2627 sideribus
1069 2579 1141 2628 tscile
1155 2583 1251 2630 clarere.

255 2647 310 2696 Hoc
323 2647 388 2695 enim
399 2653 443 2703 est,
452 2645 516 2708 quod
533 2645 567 2692 uit
581 2644 687 2692 Aratus:
707 2643 750 2702 Μὴ
763 2645 849 2691 κεῖνον
861 2641 915 2701 linc
927 2644 1029 2708 καθαρῇ
1040 2644 1081 2694 leel
1092 2649 1166 2694 νυκτὶ
1177 2645 1252 2710 ‘tutari

254 2714 397 2772 πεπτηῶτα
410 2707 574 2774 παρέρχεται,
587 2707 657 2755 ἀλλὰ
666 2707 797 2768 aeneidos,
806 2707 925 2774 Οὐρανὸν
936 2707 1071 2759 εἰσανιδών
1083 2710 1252 2776 προφερὲςερα

255 2776 417 2838 θηήσασθαι.
450 2774 505 2822 Hoc
513 2781 557 2830 est,
566 2773 624 2821 Nun
634 2775 703 2822 illum
712 2773 770 2823 adeo
781 2778 832 2836 quie
842 2779 909 2822 noete
919 2789 1001 2822 serem
1013 2774 1119 2826 Sublime
1128 2792 1253 2839 apertum

257 2845 400 2899 transiverit,
418 2847 444 2888 at
455 2854 521 2902 mapa
532 2845 608 2902 speret
619 2838 646 2886 in
657 2839 739 2887 eoelum
750 2840 811 2887 elato
823 2837 900 2887 subito
916 2840 1057 2902 deprmdere
1074 2842 1160 2889 vultu:
1180 2841 1214 2889 Et
1226 2858 1253 2890 eo

258 2925 332 2957 sensu
352 2908 523 2968 interpretatur
541 2902 660 2951 Auienus.
694 2904 779 2952 Cicero
802 2901 857 2962 trec
878 2919 926 2952 non
942 2919 985 2968 pro
1009 2909 1133 2970 quiequam
1151 2908 1193 2954 sed
1211 2922 1253 2969 pra

258 2976 390 3037 quicunque
413 2970 484 3033 cepit,
509 2976 533 3017 et
551 2983 599 3016 non
623 2967 701 3027 ἀλλὰ,
725 2969 766 3016 sed
789 2968 859 3019 ἄλλα
882 2969 949 3032 legit.
983 2969 1159 3036 Προφερέςερα
1182 2973 1253 3020 etiam

258 3038 384 3100 adjective,
404 3051 453 3082 nou
465 3030 669 3098 ἐπῖῤῥηματικῶς
684 3034 856 3096 interpretetus
868 3043 911 3082 est.
944 3035 1069 3083 'Iiunsl'ert
1080 3037 1160 3083 euim:
1181 3037 1254 3094 Quem

260 3107 301 3168 qui
313 3103 440 3164 suspiciens
451 3103 478 3147 in
489 3101 572 3148 calum
585 3099 636 3148 luce
647 3113 729 3146 serena
747 3101 806 3146 Late
818 3101 950 3163 dispensum
966 3115 1013 3146 nou
1031 3101 1125 3159 uiderit,
1145 3100 1210 3150 haurd
1220 3105 1254 3149 ila

259 3184 314 3217 uero
328 3169 415 3214 Cretan
425 3180 449 3211 se
460 3171 535 3228 speret
546 3179 679 3227 coqnaseere
695 3166 764 3226 siqua
779 3171 877 3226 potesse.
911 3164 978 3212 Male
991 3164 1055 3212 enim
1068 3166 1102 3213 ibi
1113 3166 1139 3214 in
1152 3167 1253 3228 vulgatis

259 3233 382 3295 plerisque
402 3230 514 3277 omnibus
534 3229 624 3290 legitur
641 3229 751 3290 stuplcies
763 3235 787 3276 et
798 3229 880 3278 abdita
895 3245 949 3278 vera
961 3236 985 3277 et
996 3231 1133 3291 dispersum.
1169 3231 1254 3279 Gnou.

261 3299 312 3346 Cur
329 3311 373 3344 nos
393 3294 472 3342 Grotii
485 3294 585 3342 consilio
598 3309 646 3341 nun
659 3295 826 3355 obsequemur,
841 3303 909 3342 vetus
921 3295 1012 3342 masin
1024 3309 1096 3342 cause
1109 3302 1155 3343 est.
1189 3297 1254 3344 Nam

260 3364 290 3412 ab
313 3360 420 3410 humeris
438 3359 551 3423 dependit
575 3359 691 3416 baltheus,
715 3358 755 3406 uui
774 3359 839 3407 ensis
856 3360 987 3407 inderetur.
1022 3358 1075 3406 vid.
1090 3360 1189 3422 Lipsius
1202 3361 1255 3408 III.

261 3427 327 3476 Disl.
347 3427 376 3474 de
396 3424 466 3472 milit.
488 3425 560 3472 Rom.
588 3438 611 3485 p.
626 3423 679 3472 176.
725 3423 795 3470 Idem
812 3425 837 3472 in
858 3424 959 3472 analect.
976 3424 1007 3472 ud
1025 3424 1098 3472 milit.
1121 3441 1176 3487 pag.
1200 3428 1256 3474 282.

259 3493 378 3542 Homerus
405 3489 491 3551 inquit,
518 3488 592 3552 'Appi
616 3484 636 3534 δ’
661 3485 701 3551 ἀρ’
726 3484 832 3551 ὤμοισιν
860 3487 957 3551 βάλετο
985 3487 1055 3553 ξίφος
1082 3487 1254 3554 ἀργυρόηλον,

260 3558 364 3605 numeris
394 3554 548 3603 circumdedit
576 3554 684 3614 eludium
708 3553 782 3601 claude
804 3556 940 3617 amenitatis,
965 3556 1011 3603 duc.
1056 3555 1152 3602 Deinde
1181 3557 1254 3619 perti-

260 3622 317 3670 cula
345 3619 485 3668 intendendi
516 3619 629 3666 omnibus
655 3616 755 3679 reliquis
787 3619 884 3667 Orionis
914 3619 1023 3682 partibus
1050 3627 1087 3667 est
1105 3620 1195 3680 addita,
1213 3635 1256 3668 cur

259 3688 335 3750 igitur
356 3684 464 3734 humeris
487 3683 599 3731 deesset?
636 3681 722 3744 oreon]
745 3683 822 3733 Quasi
847 3683 932 3732 Urion.
967 3684 1013 3732 Est
1033 3684 1106 3742 enim,
1130 3692 1158 3732 ut
1176 3685 1256 3733 tabule

260 3754 314 3809 fert,
338 3767 368 3799 ex
385 3750 454 3797 urina
477 3748 550 3796 trium
574 3750 673 3796 deorum
695 3748 771 3805 lovis,
796 3749 913 3811 Neptuni,
937 3749 1059 3812 Apollinis
1083 3757 1161 3798 nutus.
1201 3750 1255 3797 vid.

260 3819 363 3865 Taetnes
383 3815 414 3862 ud
436 3810 566 3861 Alexandr.
591 3813 711 3876 Lycophr.
732 3829 755 3860 v.
774 3815 829 3872 328,
853 3829 908 3876 pag.
925 3816 964 3871 40,
982 3816 1021 3862 41.
1054 3815 1210 3876 Palaephstus
1227 3815 1256 3862 de

261 3881 355 3930 Incred.
368 3896 390 3928 c.
399 3882 423 3928 5.
457 3878 558 3926 Ovidius
572 3879 635 3926 Fust.
648 3879 678 3926 V.
692 3879 807 3927 493-544.
842 3878 902 3926 Vide
914 3879 976 3926 infra
987 3895 1011 3926 v.
1024 3879 1256 3928 634.—SCH.—-

261 3947 386 3995 Omittunt
397 3953 445 3992 tres
457 3959 494 3991 vv.
508 3945 622 3992 328-330.
642 3944 717 3991 AFP.
752 3945 848 3992 Habent
861 3944 940 3993 ΒΕΘ.
957 3943 1039 4006 (lbid.)
1055 3943 1188 4008 obliquum]
1203 3944 1256 3993 dedi

261 4013 290 4059 de
302 4027 325 4072 g.
339 4026 405 4070 susp.
424 4009 519 4070 obliquo
531 4009 745 4068 BEGgsb.-OR.

295 4077 350 4124 329.
370 4075 426 4122 Nau
439 4073 502 4136 ulla]
522 4073 553 4121 E.
567 4085 593 4121 ut
608 4075 698 4122 uolebat
711 4091 726 4136 g
739 4075 774 4121 sb.
794 4090 840 4122 teau
852 4075 919 4122 nuilla
932 4073 1093 4136 BGg.-OR.
