2902 4838
551 629 600 670 'DE
612 631 788 671 doliolum.
1142 637 1189 670 clv

186 750 272 800 eodem
290 751 352 810 luco,
371 750 414 814 qui
430 754 529 814 propter
544 749 650 800 Vulcani
661 714 770 800 anserem
781 748 958 814 Hephoestiuse
975 763 1024 814 quo
1034 757 1192 814 persecutum

186 816 333 876 Vulcanum,
351 815 440 877 ferunt,
457 815 560 879 coepisse
570 815 593 864 ei
611 816 662 864 vim
678 815 763 864 afferre
781 821 879 864 etcum
897 815 985 878 plenus
1003 816 1143 879 cupiditatis
1161 817 1193 866 sd

186 897 241 930 eam
251 889 280 930 ut
290 881 427 945 complexui
438 896 464 929 se
473 879 605 944 applicaret
614 880 725 940 senemr,
736 880 857 944 repulsus,
869 879 954 928 effudit
964 879 992 930 iu
1003 887 1094 929 tecnam
1102 881 1190 946 volup·

185 948 286 996 tatem.”
320 946 382 996 Haec
399 946 482 995 omni-s
495 961 526 994 ex
543 946 705 994 Eratosthene
721 953 779 994 sunt
790 946 878 994 Latine
889 945 991 994 reddite.
1025 942 1100 1012 Λέγει
1112 943 1138 994 δέ
1149 946 1193 996 σαί

186 1008 329 1076 Εὐριπίδης
340 1010 398 1076 περί
416 1011 465 1070 τῆς
500 1009 605 1068 ενέαειος
626 1010 707 1060 αὑτοῦ
730 1011 778 1061 τὸν
801 1009 901 1076 τρόπον
924 1009 1029 1072 τοῦτον,
1042 1008 1192 1077 Ἥφαιστον

185 1075 328 1142 έρασθέντα
344 1075 460 1134 Ἀθηνᾶς
478 1027 622 1139 indissona
640 1076 708 1141 αὐτῆ
726 1075 837 1141 μιγῆναι
848 1091 855 1105 ·
866 1077 915 1136 τῆς
926 1072 952 1124 δὲ
965 1073 1193 1143 ἀποστρεφομένης

185 1143 230 1225 καί
248 1143 300 1202 τῆν
319 1137 465 1222 παρθενίαν
482 1137 768 1224 μᾶλλονιαίραυμένης,
792 1141 821 1191 έν
839 1158 891 1192 τινι
912 1138 986 1207 τόπερ
1004 1142 1053 1222 τῆς
1071 1144 1194 1202 Ἀττικῆς

185 1203 1193 1338 ίίίίέὶῖίίίίίθίίίίέδίίίέηίίίίίί,ίίίίῖίίίίίίίέίίιιῖφέίίίίῖι

185 1337 269 1404 α’φῆιιι
285 1337 336 1397 τῆν
347 1334 495 1400 ἐπιθυμίαν,
508 1335 649 1400 φερομένης
665 1334 700 1394 είς
716 1337 768 1396 τῆν
779 1340 832 1404 γῆν
843 1342 892 1401 τῆς
909 1342 1018 1407 σπορᾶς.
1052 1339 1114 1388 Inde
1125 1338 1193 1387 nullo

185 1403 312 1454 molimine
322 1403 375 1466 ipsc
386 1399 512 1466 Euripidis
522 1402 596 1450 verbe
606 1403 659 1450 erui
669 1412 779 1465 possunt.

347 1463 428 1530 Ἐρᾶν
439 1462 553 1525 Ἀθάνας
562 1466 641 1530 φασίν
648 1465 683 1514 Ἥ
702 1483 794 1518 αιατον
806 1467 891 1519 θέλειν
901 1471 925 1520 τ’

348 1530 417 1596 αὐτῆ
429 1531 554 1595 μιγῆναι·
564 1529 615 1590 τῆν
626 1529 652 1580 δέ
663 1530 748 1599 λεια-ρ’
760 1533 920 1598 ῆρνημίνην,

349 1595 366 1654 l}
379 1595 537 1660 παρθένειον
549 1597 654 1663 μᾶλλον
665 1595 701 1656 ῆν
711 1595 859 1664 αἱρουμένη,

348 1661 439 1726 φυγεῖν
450 1657 583 1725 Ἀφᾶννας
593 1660 619 1719 ές
630 1679 658 1712 τε
669 1663 719 1728 γῆς
729 1662 837 1730 τρίπτρ’
848 1661 972 1726 Ἀτθίδος,

348 1725 431 1784 αίίτως
441 1725 489 1775 ἀπ’
501 1723 577 1794 ἔργου
588 1724 661 1776 τοῦδέ
672 1731 696 1795 γ’
710 1727 890 1795 ὠνομασμένα.
1179 1725 1194 1762 ⁶

350 1789 404 1841 οὐδ’
418 1791 512 1841 ἔλαθεν
522 1789 688 1860 Ἡφαιστεῖον
698 1793 767 1858 ὄμμ’,
779 1798 809 1855 λς
819 1792 921 1845 έσπετο.

349 1855 500 1923 έπιθέμενας
510 1853 536 1906 δὲ
548 1859 590 1907 καί
602 1859 706 1924 κρατεῖν
718 1856 801 1922 δέξας,
816 1860 878 1917 θεᾶς

349 1922 460 1987 πληγείς
470 1921 515 1971 ὑπ’
528 1923 619 1984 αὐτῆς,
630 1920 691 1988 δόρυ
702 1923 752 1990 γὰρ
764 1923 791 1976 ἐκ
803 1921 988 1982 Παλλαντίδας

347 1989 399 2052 γῆς
409 1988 522 2046 Παλλὰς
530 1988 614 2052 ἔβαλ’,
627 1988 704 2050 εὐνῆς
714 1989 795 2054 α’φῆιιε
807 1990 855 2042 τδν
866 1990 960 2051 πόθον,

348 2053 436 2112 ἄλλως
446 2053 586 2120 φερομένης
596 2056 645 2115 τῆς
655 2057 756 2122 σπορᾶς
766 2055 802 2117 είς
815 2059 866 2118 τῆν
879 2053 973 2121 χθόνα.
1169 2049 1196 2089 ¹⁰

220 2159 243 2192 υ.
252 2145 274 2192 1.
293 2141 361 2192 Illud
371 2146 393 2192 τ’
405 2144 501 2194 admitti
512 2162 583 2210 posse
602 2147 661 2196 satis
678 2148 820 2211 comprobat
836 2146 910 2210 Soph.
920 2147 947 2194 in
959 2143 1016 2192 OEd.
1029 2159 1053 2190 τ.
1061 2141 1100 2199 29,
1111 2137 1195 2204 μέλας

191 2205 212 2256 δ
224 2205 314 2268 ιἈιδης
333 2211 502 2274 ατεναγμαίςι
520 2219 546 2260 ct
556 2211 582 2259 in
595 2212 651 2260 OEd.
664 2212 692 2262 (l.
705 2214 777 2274 1164,
797 2212 843 2260 Σοί
854 2213 934 2278 φασίν
952 2208 1036 2260 αὐτὸν
1055 2205 1081 2263 ές
1096 2204 1194 2274 λόγους

189 2271 272 2322 θέλειν
284 2273 361 2356 (vulp.
373 2272 468 2336 έλθεῖν)
479 2275 586 2342 μολδντ·
598 2275 693 2326 Αίτεῖν.

220 2339 274 2386 αδ.
298 2344 429 2405 Δφαννας.
463 2342 535 2390 Hanc
551 2357 636 2390 vocem
648 2357 679 2390 ex
690 2340 788 2403 ingenio
808 2340 901 2388 inserui
918 2354 1013 2390 memor
1030 2337 1063 2400 gl.
1081 2335 1192 2401 Hesych.

188 2399 316 2467 ’Δφάνναι
326 2419 333 2432 ·
344 2403 441 2470 χωρίον
455 2407 503 2466 τῆς
515 2403 676 2473 Δαμαρτίδος
692 2406 777 2471 φυλῆς
788 2402 929 2470 πόρρωθεν.
954 2405 1030 2467 Lege,
1042 2401 1091 2459 τῆς
1103 2404 1190 2467 Δημη-

188 2464 291 2533 τριᾶδος
300 2470 385 2534 φυλῆς
396 2467 431 2518 πδ
464 2489 483 2519 ω
491 2469 616 2532 ΙΔθηνῶν.
634 2471 722 2534 Neque
732 2471 801 2519 locus
810 2471 851 2518 hic
861 2478 899 2519 est
908 2469 1003 2529 unicus,
1014 2469 1055 2517 ubi
1064 2464 1192 2530 Ἀφάνναι

188 2540 346 2584 evanuerunt
379 2535 411 2584 In
444 2489 533 2599 iucyd.
549 2536 597 2587 VI.
613 2538 653 2595 54,
675 2536 749 2598 vulgo
765 2535 863 2597 legitur,
883 2532 1005 2599 d‘'1mrap
1026 2550 1062 2593 ος,
1074 2529 1192 2592 ὡςαδθις

187 2597 312 2664 πειράσας
322 2597 397 2649 οὐδέν
426 2601 510 2650 ἄλλον
519 2599 600 2650 ἔπειθε
612 2601 660 2651 τδν
669 2598 715 2667 Ἀρ
735 2599 813 2659 ὀδιαν,
826 2598 914 2663 βίαιον
924 2599 971 2665 μὲν
982 2551 1057 2648 οὐδέν
1067 2594 1191 2658 ἐβούλετο

187 2657 261 2729 δρᾶν,
276 2661 305 2713 έν
316 2663 389 2728 πδπῳ
415 2663 425 2714 έ
437 2683 488 2716 τινι
504 2667 604 2730 ἀφανεῖ,
622 2665 656 2725 ὡς
667 2665 697 2715 οδ
710 2619 751 2714 δίὰ
762 2666 838 2714 τοῦτο
855 2663 895 2726 δή,
913 2662 1113 2730 παρεσκευάζετο
1125 2679 1189 2728 προ-

188 2729 324 2789 πηλατιῶν
345 2729 436 2780 αὐτόν.
470 2731 509 2780 Ibi
524 2731 674 2796 Levesquius
691 2739 715 2780 et
734 2731 855 2779 Dobraeus
873 2731 960 2794 legunt
978 2727 1075 2794 τρόπῳ.
1112 2728 1190 2790 Atqui

188 2801 213 2842 et
223 2795 292 2844 locus
303 2801 327 2842 et
337 2796 425 2844 modus
439 2797 585 2860 injuriosum
596 2805 665 2846 erant
682 2793 876 2862 ἐμφανέστατα.
909 2795 947 2844 Τυ
958 2810 1015 2843 vero
1027 2795 1111 2852 scribe,
1124 2794 1190 2854 quod

187 2860 285 2923 scripsit
300 2860 463 2924 Thucydides,
485 2860 514 2912 ἓν
532 2860 605 2925 τδπρ
623 2859 650 2911 δέ
666 2878 726 2922 τινι,
744 2857 893 2925 Ἀφάνναις,
912 2857 942 2909 οὗ
960 2858 1064 2925 διητᾶτο
1083 2855 1190 2918 ἀνέδην,

188 2923 388 2990 παρεσκευάζετο
406 2928 596 2992 πραπηλαιιιείν
613 2925 703 2977 αὐτόν.
735 2926 775 2974 Ite
785 2926 852 2974 enim
862 2927 891 2977 έν
903 2925 975 2989 τόπερ
986 2923 1038 2974 τινί
1047 2921 1191 2990 Ἀφάνναις

187 2988 259 3051 plane
280 2998 418 3053 congruunt
437 3007 495 3040 cum
514 2993 593 3041 verbis
611 2992 736 3040 Plutarchi
753 2992 781 3039 in
801 2991 909 3054 Lycurg.
927 3007 959 3040 ss.
971 2991 1009 3048 16,
1028 2988 1113 3038 τδπαν
1130 3005 1190 3037 τινα

189 3051 294 3118 Λέσχην
320 3055 490 3122 καλουμένην.
535 3057 680 3120 Congruunt
707 3071 803 3120 quoque
831 3053 935 3120 διητᾶτο
957 3051 1053 3114 ἀνέδην
1073 3069 1132 3103 cum
1153 3053 1189 3115 gl.

189 3118 297 3184 Hesych.
314 3117 484 3187 Ἐξεδιηπᾶπο.
495 3119 542 3177 ἔξω
552 3124 601 3182 τῆς
611 3123 721 3188 νομίμου
730 3118 829 3180 διαίτης
841 3117 960 3185 ἐγεγόνει,
979 3135 1033 3183 quae
1043 3119 1149 3183 pertinet
1160 3118 1191 3166 od

189 3183 300 3249 Τλοομδ.
321 3185 343 3233 Ι.
367 3188 422 3245 132,
444 3185 631 3252 έξεδεδιητῆτοι
659 3188 745 3235 sedet
765 3186 870 3249 simplex
892 3183 1039 3252 δεδιητημαι
1065 3190 1144 3232 exstet
1161 3183 1189 3232 in

188 3249 300 3314 Tisucyd.
311 3249 375 3300 VII.
387 3251 427 3302 77.
461 3252 576 3300 Concinit
590 3248 716 3315 quoqued
743 3251 806 3299 τᾶτο
824 3247 920 3311 ἀνέδην
931 3266 988 3300 cum
999 3246 1097 3310 ἀνέδην
1115 3246 1190 3314 έπδρ-

188 3330 246 3363 νινε
265 3316 291 3364 in
312 3315 414 3366 Lucian.
433 3315 566 3365 Alexandr.
589 3333 612 3366 c.
629 3320 653 3374 5,
674 3313 721 3366 α”νί
737 3332 771 3376 ην
792 3315 923 3380 ἐπόρνευε.
975 3315 1063 3363 Διαίου
1084 3315 1189 3378 denique

188 3381 327 3444 conspirent
338 3380 401 3430 iuter
412 3397 438 3429 se
449 3378 554 3446 διητᾶτο
565 3389 589 3430 et
599 3379 703 3440 ἀνέδην,
720 3381 757 3428 uti
768 3387 836 3443 patet
846 3395 876 3428 ex
894 3377 1014 3446 ἀνειμένη
1025 3380 1060 3444 τῆ
1069 3376 1152 3446 διαίτη
1162 3380 1189 3429 in

188 3445 299 3510 Thucyd.
314 3445 337 3493 I.
349 3446 372 3494 6.
404 3445 497 3494 Verum
515 3453 543 3494 ut
564 3447 594 3495 ed
616 3446 750 3509 Euripidea
770 3453 883 3501 revertar,
900 3445 926 3493 in
938 3461 960 3492 v.
970 3446 994 3504 4,
1014 3442 1134 3511 κρίναι-ρο
1152 3451 1190 3496 est

188 3511 297 3560 ίαέίδιιίο.
331 3510 426 3559 Iterum
448 3512 538 3560 excidit
558 3527 604 3560 vox
626 3512 711 3560 eadem
729 3511 756 3559 in
777 3509 851 3559 Herc.
868 3509 896 3558 F.
916 3511 987 3570 1103,
1005 3511 1043 3559 uti
1060 3511 1146 3558 monui
1162 3511 1189 3560 in

97 3577 99 3584 '
189 3574 267 3624 class.
277 3575 364 3626 Journ.
375 3575 408 3625 N.
420 3578 460 3634 46,
477 3592 501 3640 p.
513 3578 571 3626 401.

222 3641 253 3690 In
261 3658 284 3689 v.
293 3642 316 3698 6,
325 3641 354 3699 ug
361 3642 452 3704 pendet
459 3641 489 3690 de
503 3639 645 3707 Ἥφαιστος
654 3640 680 3688 in
689 3637 852 3704 Ἡφαιστεῖον
863 3639 998 3688 subaudito.
1031 3638 1088 3688 Vid.
1095 3639 1189 3688 Porsen

189 3705 251 3754 Hec.
263 3707 304 3754 22.
337 3706 369 3754 In
381 3722 402 3755 υ.
414 3709 436 3764 8,
455 3707 547 3755 inserui
564 3703 748 3763 Παλλαντίδας
758 3721 788 3753 ex
800 3705 910 3768 Hesych.
922 3703 1075 3762 Παλλαντίς
1085 3702 1118 3764 .ῆ
1130 3709 1188 3771 Τρι·

189 3771 266 3828 τωνίς
285 3769 373 3835 λίμνη,
392 3786 465 3834 quem
480 3771 554 3834 juxta
563 3771 646 3818 locum
657 3771 739 3818 Pallas
750 3770 842 3818 solebat
852 3770 949 3826 morari,
961 3776 1022 3817 teste
1032 3769 1151 3833 AEsclsylo
1162 3771 1189 3818 in

189 3835 264 3883 Eum.
275 3837 330 3884 290.
364 3833 435 3884 Ἀλλ’
453 3834 502 3884 είτε
519 3831 634 3900 χαίροντ’
646 3833 675 3884 έν
686 3835 778 3894 τδπαις
794 3833 958 3898 Λιβυστικοῖς
977 3833 1105 3898 Τρίτωνος
1123 3833 1189 3916 ἀμφί

189 3899 272 3964 χεῦμα
291 3899 423 4013 γενέθλέου
442 3899 523 3967 πόρου
543 3900 650 3960 Τίθησεν
666 3898 745 3967 δρθδν
756 3899 916 3965 ῆτατωφερῆ
936 3895 1004 3948 πδδα
1021 3899 1114 3958 Φίλαυς
1125 3897 1189 3966 apci-

207 3963 333 4014 ουσα.”-
359 3999 366 4013 .
398 4000 405 4014 .

188 3982 205 4028 γ
224 4030 286 4078 Ηεοα
297 4029 356 4078 dicit
373 4029 523 4091 Burgesius3
542 4029 583 4077 cui
595 4029 672 4077 serius
683 4028 712 4076 ad
723 4028 910 4085 emendandum,
923 4043 997 4091 quam
1008 4027 1063 4077 eliis
1075 4028 1106 4076 sd
1115 4029 1188 4077 intel-

187 4092 314 4156 ligendum
337 4103 460 4144 auctorem
484 4093 618 4157 quemlibet
636 4093 698 4142 vires
721 4093 842 4142 deficient.
883 4092 983 4153 Versus,
1004 4109 1065 4156 quos
1086 4095 1131 4142 sub
1147 4109 1188 4142 no-

189 4159 255 4208 mine
272 4159 398 4224 Euripidis
409 4166 520 4209 currente
537 4159 631 4208 calamo
648 4159 752 4223 scripsit,
769 4174 801 4206 ne
810 4157 867 4222 plus
878 4173 942 4206 verse
952 4159 1103 4222 antiquitatis
1113 4175 1188 4222 quam
