2868 4848
651 563 805 608 sononia,
1182 545 1227 610 33

225 713 337 769 autem'
352 704 471 781 stellas,
486 703 521 768 in
536 701 640 789 capite
655 705 772 770 claram
782 727 892 784 unam,
908 705 944 770 in
959 704 1095 791 siugulis
1110 706 1225 774 hume·

224 791 271 854 ris
286 790 392 855 claras
402 791 554 875 singulas,
566 791 601 856 in
615 791 743 858 sinistra
758 814 856 858 manu
870 803 946 871 tres,
962 793 997 857 in
1012 793 1127 858 dextra
1142 815 1223 881 qua·

224 887 313 957 tuor,
331 887 363 940 et
379 877 457 942 duas
473 900 516 943 ex
531 878 577 941 eis
592 878 708 956 claras3
732 879 767 942 in
782 879 916 963 singulis
936 879 1055 945 lumbis
1069 880 1093 944 s‘
1142 880 1227 959 olas,

224 964 261 1027 in
291 963 425 1047 singulis
453 965 588 1048 genibus
618 964 769 1049 singulas,
799 965 835 1029 in
861 965 978 1030 dextra
1003 965 1084 1031 tibia
1136 990 1223 1033 aram

224 1071 338 1202 ppplrpi
351 1051 386 1114 in
401 1051 534 1134 singulis
549 1050 685 1136 pedibus
699 1051 840 1136 singulas
857 1052 965 1118 claras.
1012 1050 1098 1117 Sunt
1112 1075 1223 1120 omnes

194 1301 198 1306 Ι
272 1222 421 1309 Serpens,
446 1247 544 1312 quem
567 1233 658 1288 tenet
682 1224 717 1287 in
741 1223 900 1303 manibus,
929 1223 1029 1292 hahet
1055 1226 1163 1292 stellas
1187 1229 1223 1292 in

224 1310 345 1376 orificio
378 1312 468 1390 duas,
497 1311 532 1375 in
566 1310 690 1375 flexura
718 1310 830 1395 eapitis
861 1312 976 1396 spissas
1006 1324 1155 1398 quatuor,
1185 1315 1221 1378 in
1306 1330 1308 1340 '

222 1418 324 1460 manu
348 1397 510 1483 Ophiuchi
532 1397 610 1461 duas
632 1398 742 1477 claras,
760 1397 795 1461 in
821 1397 924 1484 prima
938 1397 1064 1464 flexura
1078 1411 1162 1478 octo,
1185 1401 1220 1465 in

224 1483 375 1562 secunda,
393 1507 490 1568 quam
505 1493 597 1548 tenet
610 1485 646 1547 in
660 1485 776 1548 dextra
789 1507 897 1562 manu,
914 1484 992 1550 alias
1007 1496 1089 1565 octo,
1106 1487 1141 1550 in
1156 1499 1220 1552 ter-

222 1569 271 1633 tia
285 1591 388 1656 usque
400 1570 442 1635 ad
449 1570 582 1636 caudam
596 1594 665 1635 sex.
709 1569 810 1634 Fiunt
821 1593 931 1635 omnes
947 1571 1048 1636 stellae
1063 1573 1221 1658 serpentis

223 1655 368 1739 triginta.

271 1741 421 1828 Scorpius
443 1765 519 1806 sane
540 1743 626 1808 inter
647 1753 732 1807 astra
754 1765 773 1807 a
795 1743 873 1807 Jove
895 1744 1004 1809 illatus
1027 1754 1088 1820 est,
1131 1765 1221 1810 roeo

222 1829 311 1915 quod
325 1829 435 1894 ferunt
449 1850 493 1892 ex
508 1839 592 1895 terra
607 1840 726 1907 ortum,
753 1831 1009 1917 submissumque
1024 1830 1080 1918 qui
1127 1827 1219 1895 riona

220 1916 419 1980 interficeret
431 1917 471 1980 ob
484 1917 553 2002 ejus
564 1916 801 2002 loquacitatem,
814 1916 902 2002 quod
911 1939 955 1982 ex
965 1917 1133 1982 venatione
1145 1916 1219 1982 nul·

220 2001 288 2066 lam
302 2025 336 2065 se
351 2001 451 2066 feram
464 2003 644 2087 relinquere
660 2003 780 2067 diceret
792 2028 802 2086 :¹
823 2005 914 2088 isque
928 2002 1052 2068 Oriona
1062 2002 1219 2088 percussit

221 2097 258 2152 et
272 2088 398 2166 occidit,
422 2099 456 2153 et
469 2089 544 2152 inde
561 2113 580 2154 a
594 2089 673 2154 Jove
688 2089 782 2155 astris
804 2089 913 2154 illatus
936 2100 995 2167 est,
1023 2099 1062 2154 ut
1078 2091 1149 2175 ejus
1163 2113 1220 2155 na·

221 2186 330 2239 turam
352 2175 454 2239 futuri
476 2175 622 2240 homines
649 2176 878 2260 intelligerent.
932 2176 1083 2261 Nigidius
1110 2186 1218 2240 autem

220 2261 312 2342 dicit,
329 2260 536 2348 Scorpionem
550 2263 590 2328 ad
604 2263 778 2348 perniciem
795 2262 924 2327 Orionis
949 2262 984 2326 in
1005 2262 1110 2328 insula
1135 2261 1218 2327 Chio

219 2349 258 2412 in
272 2359 382 2412 monte
399 2349 569 2433 Chelippio
583 2361 701 2426 ortum,
719 2349 886 2414 voluntate
902 2361 999 2434 atque
1014 2371 1075 2435 ope
1091 2347 1218 2413 Dianae.

221 2433 393 2499 Nemeum
404 2436 439 2499 in
448 2446 556 2499 monte
568 2434 729 2500 Celsionio
738 2435 1060 2514 venaretur,irridens
1067 2434 1218 2515 Dianam,

220 2522 450 2586 contemnebat
474 2523 543 2606 ejus
567 2545 675 2606 opera,
703 2545 776 2610 quae
799 2522 834 2585 in
857 2533 967 2586 monte
990 2521 1216 2588 constituebat.

220 2606 341 2694 Itaque
356 2607 463 2673 Diana
476 2609 593 2674 dicitur
606 2609 729 2674 misisse
745 2608 963 2693 Scorpionem,
990 2609 1046 2693 qui
1063 2607 1217 2673 Orionem

219 2693 287 2758 vita
300 2695 460 2778 privaret:
483 2707 595 2781 postea
609 2696 651 2761 ab
664 2693 744 2760 Jove
763 2695 963 2782 impetrasse,
978 2705 1017 2760 ut
1034 2693 1112 2759 Scor
1133 2695 1166 2759 io
1182 2695 1217 2760 in

220 2779 391 2846 duodecim
416 2782 580 2866 signorum
605 2782 759 2846 memoria
784 2783 1041 2847 constitueretur.
1089 2717 1153 2845 Hie
1175 2782 1217 2846 ob

219 2867 476 2952 magnitudinem
497 2869 531 2932 in
555 2868 620 2933 duo
645 2867 804 2933 domicilia
824 2869 974 2954 partitur.
1021 2867 1155 2933 Etenim
1178 2869 1219 2933 ad

219 2953 310 3018 aliud
323 2955 462 3019 tendunt
476 2955 606 3020 brachia
626 2957 706 3042 ejus,
727 2955 768 3020 ad
783 2953 871 3021 aliud
885 2977 999 3040 corpus
1014 2966 1047 3018 et
1068 2954 1169 3019 canda
1184 2967 1218 3020 et

219 3041 361 3106 aculeus.
401 3041 512 3107 Habet
523 3052 631 3106 autem
642 3041 749 3107 stellas
759 3043 794 3107 in
806 3063 1003 3127 unoquoque
1015 3062 1116 3105 cornu
1126 3040 1216 3120 duas,

218 3127 255 3192 in
270 3150 326 3192 ore
340 3150 439 3194 unam
453 3129 580 3207 claram,
595 3129 630 3192 in
644 3128 750 3193 fronte
765 3129 856 3206 duas,
871 3129 906 3191 in
918 3128 1010 3192 dorso
1025 3126 1124 3192 claras
1140 3137 1216 3207 tres,

219 3212 255 3278 in
271 3223 384 3279 ventre
399 3215 490 3294 duas,
501 3215 536 3278 in
551 3215 652 3279 cauda
667 3215 821 3301 quinque,
833 3215 868 3278 in
877 3214 987 3279 aculeo
998 3213 1086 3278 duas.
1132 3212 1218 3280 Sunt

220 3322 332 3366 omnes
348 3301 454 3366 XIX.
499 3301 555 3366 Ex
568 3301 617 3366 his
633 3313 781 3387 quatuor,
805 3309 972 3387 quaesunt
993 3300 1029 3364 in
1054 3298 1217 3365 Cornibus

221 3388 302 3473 ejus,
324 3388 397 3454 duae
417 3388 539 3475 priores
554 3387 659 3466 olarae,
676 3400 710 3452 et
724 3389 797 3453 duae
818 3387 963 3452 obscurae
985 3384 1094 3451 Librae
1118 3385 1218 3472 assig-

219 3485 354 3552 nantur,
369 3498 467 3561 quam
480 3472 596 3540 Chelas
615 3475 723 3539 Graeci
737 3475 860 3540 dicunt.

264 3559 397 3643 Bootes,
435 3562 469 3626 ui
483 3573 517 3627 et
538 3561 708 3639 Arcturus,
729 3561 833 3626 fertur
853 3582 921 3624 esse
937 3567 1045 3624 custos
1063 3556 1216 3637 Plaustri,

220 3669 258 3712 eo
281 3647 371 3732 quod
396 3585 580 3713 lilaustrum
603 3647 757 3732 sequitur,
778 3647 812 3711 id
834 3656 883 3711 est
909 3644 1161 3730 Septentriones,
1184 3648 1218 3710 et

221 3734 314 3820 quasi
325 3735 505 3801 succinctus
519 3736 561 3800 sit
577 3733 868 3820 Septentrionibus.
915 3732 1014 3797 Hunc
1030 3732 1141 3796 dicunt
1156 3731 1217 3795 Ar·

220 3821 331 3885 eadem
352 3820 442 3886 Jovis
456 3821 559 3886 filium
574 3843 654 3900 esse,
677 3822 716 3885 de
739 3821 830 3906 cujus
845 3828 918 3904 post
933 3819 1062 3883 nomine
1080 3818 1218 3883 Arcadia

221 3906 307 3972 diota
320 3918 380 3988 est,
409 3931 506 3994 quem
522 3908 654 3993 Lycaon
668 3906 796 3994 Pelasgi
810 3906 904 3983 filius,
928 3927 1002 3969 oum
1017 3904 1038 3967 J
1039 3926 1129 3968 ovem
1143 3904 1218 3968 hos-

221 3993 302 4078 pitio
315 3996 499 4081 recepisset,
522 3995 680 4059 infantem
693 3993 897 4060 membratim
910 3990 1072 4068 laceravit,
1095 4001 1129 4054 et
1144 3990 1166 4053 J
1167 3992 1217 4056 ovi

220 4079 255 4144 in
269 4080 374 4167 epulis
395 4080 555 4170 apposuit,
578 4093 707 4148 tentans
729 4081 854 4161 Jovem,
879 4089 988 4145 utrum
1012 4077 1092 4142 deus
1100 4088 1214 4200 Fesset.
