2902 4838
519 545 554 579 xo
567 544 745 580 rusucusua
757 545 876 580 assuas.
1123 531 1200 580 lxxvii

199 669 338 718 astronomi
359 667 427 729 olim,
448 675 476 717 ut
495 675 519 718 et
540 668 582 718 alii
600 669 688 718 artium
706 669 861 732 professores,
879 668 979 717 nomina
994 668 1120 717 usitatiora
1136 668 1200 717 notis

200 734 327 798 signabant
339 733 428 783 talibus
439 734 593 797 plerumque,
611 742 638 784 ut
649 742 691 783 aut
707 735 812 797 primam
824 741 919 782 tanturn
930 735 1027 782 literam
1038 748 1094 782 curn
1105 741 1199 797 postre-

200 815 248 860 ma,
266 814 443 861 nonnunquam
462 800 536 848 etiam
555 815 612 848 oum
631 801 766 848 mediarum
777 800 858 862 aliqua
869 800 996 848 referrent.
1031 798 1061 847 Id
1078 815 1109 847 ex
1126 799 1200 848 variis

201 865 264 913 notis
282 864 518 912 Jurisconsultcrum
534 864 686 927 aliorumque
705 872 743 913 est
760 864 925 912 notissimum.
961 864 1048 926 Itaque
1069 864 1148 926 pisces
1165 864 1202 912 ita

201 930 318 978 notabant
327 927 375 978 PS.
409 929 458 977 Sed
469 930 608 978 Astronomi
621 931 772 992 Prognostici
783 945 833 977 una
844 945 902 977 oum
914 928 1112 991 Meteorologicis
1124 930 1201 977 nubea

201 995 236 1043 its
246 995 375 1057 signabant
390 996 439 1042 NS.
473 996 536 1043 Sunt
546 995 612 1042 enim
623 994 676 1042 hoec
687 994 803 1043 vocabula
814 994 949 1057 saepissime
959 994 1126 1042 occurrentia:
1144 1009 1202 1042 nam

201 1060 227 1107 in
243 1058 282 1118 iis,
299 1074 354 1122 quae
365 1059 396 1108 ab
407 1074 454 1107 usu
464 1065 522 1107 sunt
532 1066 633 1119 remota,
650 1066 719 1108 notus
730 1060 859 1124 imaginari
870 1065 907 1108 est
918 1059 1101 1108 stultissimum.
1135 1058 1202 1107 Hinc

201 1125 277 1188 igitur
287 1132 359 1172 natus
370 1138 444 1172 error.
476 1125 565 1172 Primae
583 1139 639 1172 vero
655 1125 782 1186 utriusque
800 1125 865 1172 vocis
882 1123 959 1171 literae
971 1125 1044 1172 etiam
1055 1139 1129 1186 supra
1139 1125 1203 1172 inter

202 1205 228 1238 se
238 1189 455 1237 commutationem
465 1204 543 1251 passae
555 1196 620 1247 sunt,
638 1189 680 1239 ubi
692 1204 735 1252 pro
749 1187 823 1252 Pipro
834 1190 967 1237 ministeriu
978 1191 1030 1236 MS.
1041 1189 1115 1237 habet
1125 1192 1201 1252 niqra.

204 1251 580 1316 Gn.-SCH.—-Permistos]
593 1254 622 1302 de
633 1269 659 1317 g.
671 1254 765 1302 emend.
777 1255 813 1302 sb.
827 1257 960 1317 psmntrtus
971 1253 1159 1316 Buca-ors.

205 1381 220 1446 ζ
236 1321 259 1366 2.
278 1319 325 1431 DE
334 1334 359 1446 ξ.
378 1319 441 1380 conj.
461 1320 497 1368 sb.
523 1321 643 1382 Sporpm
660 1321 740 1368 uicino
756 1320 832 1370 tristis
847 1335 920 1382 supra
931 1319 994 1382 jupo
1010 1321 1085 1382 piscis
1106 1319 1203 1382 BEGg.

236 1387 292 1432 isoes
327 1384 439 1433 .-01s.

217 1400 261 1497 ΡΒ.
279 1449 314 1497 Ει
324 1453 405 1496 ventos
414 1449 502 1496 eraut
514 1446 593 1511 Aries]
606 1449 755 1512 Legendum,
767 1448 804 1498 uti
816 1463 881 1497 nunc
893 1462 1035 1512 expressum
1045 1452 1089 1496 est.
1119 1449 1206 1498 Gn.-

206 1513 430 1577 SCH.—Acres]
443 1513 472 1562 de
484 1528 507 1575 g.
521 1515 583 1576 conj.
595 1515 629 1563 sb.
647 1516 710 1562 aries
723 1514 910 1577 Buca-01³.

237 1581 262 1627 4.
283 1577 394 1627 Fulmina
403 1583 421 1628 t.
434 1594 454 1628 c.
465 1582 484 1627 i.
496 1578 518 1626 1.
532 1593 551 1626 e.
563 1585 580 1627 t.
592 1578 614 1626 J.
626 1582 730 1640 emissus,
743 1578 795 1637 rte]
815 1578 856 1626 Ex
875 1578 1018 1641 repetitione
1034 1578 1101 1626 vocis
1117 1577 1205 1640 liquet,

206 1643 330 1692 Caesarem
346 1651 402 1692 tune
422 1643 555 1706 scripsisse.
589 1643 637 1692 Sed
654 1660 685 1694 ex
704 1659 732 1692 eo
751 1649 823 1692 natus
843 1658 915 1700 error,
935 1644 999 1705 quod
1011 1658 1039 1691 ea
1050 1643 1129 1701 litera,
1149 1659 1205 1706 quas

205 1709 269 1758 hanc
286 1723 371 1756 vocem
389 1708 459 1756 finire
477 1709 600 1767 debuerat,
619 1715 762 1770 sequentem
772 1708 877 1756 inchoet.
911 1708 978 1770 Lege
990 1708 1079 1769 itaque,
1091 1709 1127 1756 uti
1138 1723 1205 1756 nuno

205 1788 348 1836 expressum
360 1773 764 1886 estogneSCE-Fulmism
774 1771 843 1836 tunc]
855 1773 885 1821 de
896 1788 920 1835 g.
930 1774 1025 1822 emend.
1037 1773 1073 1821 ab.
1090 1771 1204 1821 Fulmina

206 1845 256 1887 tum
268 1838 397 1899 uuus.—

239 1905 263 1952 5.
280 1901 395 1965 Emissis]
407 1902 438 1952 E.
454 1918 478 1951 a.
489 1917 539 1952 sec.
550 1917 634 1962 manu,
653 1909 681 1952 ut
692 1903 789 1950 volebat
803 1918 829 1966 g.
840 1903 876 1952 sb.
897 1901 993 1951 missus
1003 1901 1057 1951 BE.
1075 1904 1103 1966 (a
1114 1917 1152 1966 pr.
1161 1901 1205 1963 m.)

232 1983 264 2081 g6.
283 2030 391 2094 Coerulo]
401 2031 479 2080 maria
488 2031 608 2080 videlicet.
642 2030 698 2081 Vid.
710 2046 784 2094 supra
795 2046 820 2082 s.
834 2031 997 2082 rsa-scut.

241 2097 264 2150 7.
281 2097 422 2146 Dimittitur
435 2097 482 2159 Gg.
500 2105 584 2146 contra
595 2097 767 2146 BEsb.-0R.
983 2151 986 2161 ¹

240 2163 263 2211 9.
283 2163 328 2210 Grai
334 2160 445 2225 pectora]
458 2163 530 2211 Forte
541 2177 602 2211 mm.
636 2162 687 2210 Leo
698 2163 744 2210 erit
754 2161 841 2220 siccus,
858 2161 898 2210 sed
910 2168 969 2210 tunc
980 2162 1099 2219 maxime,
1110 2176 1167 2209 cnm
1178 2175 1207 2210 es

208 2226 234 2276 in
251 2235 320 2290 parte
339 2234 462 2290 spectatur
480 2227 523 2275 ubi
544 2234 581 2274 est
597 2234 690 2289 pectus,
701 2233 726 2274 et
736 2226 808 2276 stella
819 2227 987 2285 fervidissima,
1004 2242 1060 2289 quae
1069 2223 1207 2289 βασίλικος

207 2292 349 2356 appellatur.
385 2290 706 2354 Ga.-scH.-Quom]
719 2292 748 2340 de
759 2307 784 2354 g.
796 2293 860 2355 conj.
872 2293 896 2340 b.
914 2293 953 2340 cui
970 2291 1174 2354 allega-ors.

243 2360 281 2406 11.
298 2357 344 2405 Via
361 2373 415 2406 rore
430 2359 457 2405 in
472 2357 514 2405 uto
532 2356 643 2420 Scorpios
652 2359 745 2405 assidue
762 2357 820 2405 coelo
837 2356 987 2404 minitabatur
996 2359 1057 2419 ipnis
1074 2355 1172 2405 Lentim
1180 2359 1208 2405 in

204 2423 309 2486 pluuias,
326 2425 401 2484 muyis
412 2423 500 2470 invenit
510 2437 570 2470 orco
580 2424 661 2484 quieta
672 2421 750 2486 Atque
759 2425 832 2470 trucis
842 2427 920 2468 uentos
931 2420 955 2468 d.
966 2436 992 2468 n.
1003 2437 1021 2470 s.
1032 2437 1054 2469 r.
1081 2421 1207 2483 Sopittiso-

208 2491 279 2550 rique
289 2503 346 2536 rara
356 2488 472 2535 &asendit
480 2487 564 2549 pluuia
575 2489 650 2535 tanis.
684 2487 814 2550 AEpoceros
824 2487 875 2533 ullo
884 2488 975 2549 sparpr‘t
984 2485 1112 2547 etsuiporo
1122 2484 1206 2550 durat]

210 2551 272 2600 Haee
283 2552 458 2600 mutationibus
469 2560 494 2599 et
503 2550 630 2600 literarum
640 2552 868 2614 transpositionibus
878 2551 914 2598 ita
924 2558 983 2613 puto
994 2551 1153 2611 emendanda,
1171 2551 1208 2599 uti

208 2632 275 2665 nunc
286 2632 399 2679 expressa
410 2623 475 2664 sunt.
493 2617 550 2678 (nisi
567 2617 632 2678 quod
650 2617 751 2664 Grotius
763 2616 821 2665 velit
833 2615 946 2678 Scorpius
957 2617 1062 2664 assiduos
1073 2616 1128 2663 esebo
1139 2619 1209 2665 mini·

210 2681 300 2730 roditur
309 2685 372 2745 iqnes
383 2685 481 2729 Lentior
489 2683 516 2729 s'n
525 2682 621 2744 pluuias
631 2684 722 2730 ueniet:
738 2684 814 2742 mopis
824 2696 884 2729 orco
894 2681 993 2744 quium)
1015 2679 1081 2728 Venti
1091 2680 1208 2743 ripebunt,

210 2754 238 2795 ut
253 2748 316 2796 inira
326 2747 361 2794 Et
371 2751 437 2809 siper
447 2747 537 2794 accedit
546 2751 631 2796 ventis.
665 2745 811 2809 demulsero,
834 2753 861 2794 ut
881 2761 954 2809 supra
971 2761 994 2794 v.
1008 2746 1032 2803 6,
1049 2743 1082 2792 Aa
1101 2746 1209 2794 Geminis

210 2812 294 2862 leviter
300 2812 447 2874 perstridant
459 2812 544 2860 carobs
555 2815 626 2868 venti,
644 2811 685 2860 Ita
695 2811 760 2859 enim
772 2827 817 2860 nos
827 2811 987 2870 restituimus,
1004 2811 1046 2858 ubi
1057 2810 1112 2857 MS.
1124 2825 1209 2873 perpe-

210 2892 262 2925 ram
278 2877 382 2926 babebat
397 2875 436 2924 Aa
451 2879 552 2939 pominus
569 2877 652 2926 leviter
667 2877 816 2938 perstridant
827 2876 913 2924 cerula
923 2878 994 2924 uenti.
1025 2877 1116 2924 Sensus
1128 2875 1210 2924 ultimi

209 2956 294 2991 sersus
314 2949 359 3002 est,
381 2942 556 3004 Capricornum
575 2941 631 2990 aliis
646 2941 767 2999 omnibus,
785 2941 831 2989 boo
850 2947 896 2998 est,
913 2941 1039 2998 imbribus,
1056 2940 1210 2999 fulminibus,

210 3007 333 3064 tonitruis,
344 3007 424 3054 ventis
434 3021 571 3069 parsurum,
583 3007 626 3054 sed
636 3006 688 3055 sola
697 3006 794 3068 frigoris
802 3005 957 3054 vehementia
965 3006 1111 3054 nociturum.
1129 3005 1210 3053 Aliter

210 3079 294 3120 autem
310 3072 372 3120 dixit
383 3072 481 3134 stiporu
492 3071 570 3130 durat,
590 3087 664 3135 quam
674 3071 738 3119 iufra
748 3074 803 3118 nive
813 3073 899 3119 munio
910 3072 1004 3120 durant.
1037 3069 1104 3119 Nam
1120 3070 1161 3118 hic
1173 3077 1213 3119 est

211 3136 347 3195 ποιητικὸν
365 3137 400 3184 ibi
417 3144 504 3200 praeter
514 3135 640 3198 vulgarem
652 3151 724 3184 usum
741 3135 897 3195 παθητικὸν,
914 3137 985 3199 cujus
996 3141 1078 3183 tamen
1089 3135 1210 3198 significa-

211 3203 284 3253 tionis
302 3203 328 3250 in
348 3202 394 3250 hoc
412 3203 483 3250 verbo
501 3200 613 3262 exempla
627 3208 651 3250 et
669 3201 727 3249 alibi
746 3202 859 3264 reperias.
894 3201 944 3248 Gru
978 3201 1067 3249 Versui
1079 3201 1109 3248 13
1122 3215 1210 3258 conve-

210 3268 318 3318 nientius
337 3273 389 3314 tum
407 3265 472 3328 quod
488 3265 518 3313 ad
535 3266 643 3314 ordinem
654 3273 708 3314 tum
719 3267 785 3327 quod
795 3267 825 3314 ad
836 3265 982 3314 senteutiam
998 3265 1111 3328 pertinet,
1129 3265 1211 3314 visum

212 3340 248 3382 est
259 3335 360 3394 impetet,
371 3332 448 3379 donec
459 3330 548 3378 melius
561 3332 661 3379 verbum
672 3331 813 3393 reperiatur.
846 3330 1014 3393 Tempestatas
1023 3331 1132 3392 quidem,
1149 3345 1210 3392 qua·

211 3413 266 3446 rum
278 3396 465 3446 tonitruanullae
474 3395 621 3444 comitantur
628 3395 726 3459 pluriae,
735 3395 918 3458 periculosiores
926 3401 1049 3458 putantur.
1071 3395 1210 3444 Malueram

211 3462 272 3511 item
284 3478 306 3509 v.
318 3463 356 3520 15,
367 3462 458 3510 diluuio
469 3462 534 3508 arvis
544 3460 583 3508 vel
594 3463 667 3522 apris.
683 3476 824 3524 quanquam
834 3460 914 3508 Grotii
925 3461 1065 3522 conjecturs
1073 3460 1130 3508 ferri
1138 3467 1212 3524 queat

211 3526 488 3576 interim.-SCH.—
496 3523 585 3587 Rorot]
598 3526 627 3573 de
638 3540 662 3588 g.
673 3526 739 3586 conj.
752 3527 786 3573 sb.
803 3541 856 3574 rure
867 3525 1020 3586 Buca-0
1026 3523 1055 3572 R.

246 3588 423 3654 lassamus]
441 3589 549 3652 BEGgs.
574 3591 686 3653 Scorpius
698 3593 722 3639 b.
750 3589 837 3654 (ibid.)
853 3589 958 3652 assidue]
976 3589 1087 3652 BEGgs.
1103 3589 1213 3638 assiduas

213 3657 242 3706 ds
252 3672 277 3719 g.
290 3657 352 3719 conj.
365 3657 387 3704 b.
405 3657 468 3718 tynis
480 3655 668 3716 Buca-ou.

245 3723 284 3770 13.
301 3721 400 3770 Omittit
410 3735 448 3768 vv.
462 3720 491 3768 13
504 3728 529 3768 et
539 3721 568 3767 14
578 3722 608 3766 B.
625 3719 711 3781 (ibid.)
721 3722 747 3768 in
754 3721 851 3783 pluuias
860 3721 937 3781 mepta
947 3719 1038 3767 inuenit
1048 3733 1107 3766 aruo
1117 3715 1211 3781 qumis]

212 3786 252 3836 Sic
273 3785 320 3850 Gg.
346 3790 373 3835 in
389 3786 487 3848 pluuias
504 3788 581 3847 mapia
597 3786 763 3833 investiturus
779 3791 833 3834 etur
850 3783 907 3846 (sio)
924 3785 954 3832 E.
974 3785 1000 3830 in
1013 3784 1109 3845 pluvius
1121 3787 1212 3841 amur,-

211 3853 289 3914 nurpr's
298 3867 360 3900 aruo
370 3853 450 3915 quieto
463 3850 493 3899 de
504 3865 529 3913 g.
542 3850 607 3912 conj.
620 3849 646 3899 b.
668 3853 695 3898 in
707 3851 806 3913 pluuias
821 3850 897 3912 mopis
912 3851 1007 3911 impetet
1023 3863 1082 3897 aruo
1099 3851 1181 3911 quieto
1192 3863 1211 3898 s.

213 3916 367 3965 con‘.—0R.

246 3931 285 4030 li.
307 3979 398 4030 Truces
408 3978 483 4042 venti]
496 3979 526 4028 de
536 3995 562 4043 g.
574 3979 637 4042 conj.
650 3979 687 4028 sb.
705 3981 777 4028 nucu
787 3985 867 4028 uentos
879 3977 1042 4040 uua-01³.

247 4047 285 4096 15.
303 4045 371 4096 Rura
382 4043 532 4109 Sopittisero]
545 4046 574 4094 de
584 4061 608 4108 g.
620 4045 685 4107 conj.
695 4045 732 4095 sb.
758 4043 827 4093 Raro
839 4044 972 4108 Sopitts'seri
983 4043 1015 4091 E.
1035 4041 1213 4106 Sopttta'ferique
