2868 4848
706 621 854 667 ancras.
1234 605 1273 670 el

282 760 371 825 Ante
385 760 485 825 larem
499 761 639 846 primum
654 761 827 846 perfectam
843 785 910 826 esse
926 784 1056 829 corona.

281 845 384 911 Libra
398 847 605 911 tumescentis
620 859 725 912 musto
739 849 822 912 bene
838 871 895 932 per
909 849 1048 935 quoquit
1062 871 1149 914 uvas.
1249 849 1277 897 ¹⁵

168 965 170 968 ·
284 930 452 1017 Scorpioni
466 933 649 1016 ingrediens
665 943 720 998 tua
729 933 810 999 libra
824 956 957 999 munera
971 935 1049 1001 edit.

282 1018 419 1104 Jamque
435 1018 645 1102 sagittiferum
663 1020 827 1100 scandens,
841 1043 899 1084 sua
914 1042 1048 1086 munera
1061 1021 1155 1086 redit.

284 1104 375 1168 Num
390 1105 529 1190 qualaete
540 1105 638 1169 hiemi
649 1106 771 1170 modice
786 1106 860 1171 tam'
871 1107 905 1169 in
921 1107 1114 1190 capricorno.

282 1189 478 1274 Hydrocoon
493 1191 659 1278 piscesque
674 1191 775 1275 agitat
790 1192 978 1256 saevissimus
988 1192 1083 1258 idem.

286 1276 438 1341 Sistatuit
449 1298 561 1340 currus
577 1298 778 1364 quocumque
794 1278 828 1341 iu
845 1278 946 1342 sidere
960 1278 1072 1344 fessus.

285 1362 445 1446 Lanigero
460 1373 552 1429 tonat
567 1377 600 1427 et
615 1365 704 1448 poeni
719 1386 777 1448 per
788 1375 878 1447 terga
895 1364 1008 1428 leonis.

288 1448 470 1534 Omniaque
485 1449 611 1513 hiberni
623 1451 793 1534 permiscet
807 1450 970 1515 mensibus
986 1461 1081 1518 astra.

286 1534 342 1599 Ad
355 1557 428 1598 curn
443 1535 598 1619 phoebeos
613 1557 735 1599 mavors
750 1535 898 1619 effugerit
911 1537 1011 1620 ignes.

288 1620 360 1684 Sive
369 1621 450 1684 aries
461 1621 662 1706 genuinique
679 1621 774 1685 deum
787 1623 852 1686 sive
867 1623 931 1686 acri
945 1622 1055 1686 leonis.

288 1706 382 1770 Sidus
398 1716 430 1770 et
445 1721 560 1791 equate
575 1707 691 1772 librato
705 1708 846 1792 pondere
860 1708 956 1772 caelae.

289 1791 384 1856 Sidus
394 1804 428 1856 et
442 1804 557 1878 equata
569 1793 684 1857 librato
699 1794 838 1878 pondere
852 1794 963 1859 leonis.

290 1877 360 1942 Aut
375 1901 449 1944 arcu
463 1878 586 1963 pollens
601 1888 658 1943 aut
669 1880 778 1943 imbris
790 1880 877 1944 furor
892 1878 1033 1947 habebit.

290 1961 424 2028 Siocatis
435 1987 537 2028 caeeus
553 1965 776 2030 nebulithebet
790 1965 920 2029 habitur
935 1989 998 2032 aer.

291 2049 421 2136 Nullaq.
436 2051 601 2135 praecipite
617 2053 817 2135 sagittabunt
832 2074 962 2136 aequora
975 2053 1072 2118 venti.

100 2225 101 2232 ἵ
205 2181 207 2186 ,
291 2135 353 2200 His
368 2137 453 2201 idem
465 2137 554 2200 lento
569 2137 667 2220 signis
683 2160 755 2202 curn
770 2137 918 2222 suprimit
932 2137 1027 2237 ignis.

988 2245 1000 2286 1

288 2306 467 2392 Velligeret
482 2307 572 2392 nigra
586 2330 696 2372 cursus
712 2309 872 2372 stantione
888 2309 1029 2375 tenebat.

289 2392 374 2457 Tum
389 2395 500 2458 crebro
515 2417 651 2478 magnus
666 2404 796 2458 tonetru
810 2395 990 2479 pulsabitur
1005 2396 1109 2462 aethae.

290 2480 374 2544 Tum
389 2481 529 2544 resoluta
545 2480 632 2544 dabit
649 2479 776 2544 nimbus
791 2502 863 2544 curn
878 2482 1032 2564 grandine
1048 2482 1152 2546 nubis

292 2565 356 2630 Sed
370 2567 470 2650 magis
481 2566 624 2629 hibernae
635 2567 762 2631 steterit
776 2590 849 2631 curn
865 2568 967 2632 sidera
977 2569 1087 2652 partis.

291 2651 447 2717 Effundet
462 2663 546 2716 totas
560 2653 715 2716 violentos
730 2654 861 2718 numine
876 2653 967 2717 vires.

291 2737 346 2802 Ad
359 2738 499 2803 modicos
513 2737 630 2802 imbres
644 2739 733 2822 provi
747 2761 820 2803 cum
835 2761 954 2803 cornua
969 2741 1061 2804 tauri.

291 2821 554 2908 Frugiferamque
569 2824 659 2888 deam
674 2825 724 2888 vel
738 2824 915 2889 brumalem
931 2826 1159 2910 capricornum.

292 2909 449 2994 Adigeret
462 2909 584 2995 liquido
599 2932 665 2973 non
680 2933 780 2974 saevus
795 2911 836 2975 ab
852 2911 971 2975 aethere
986 2912 1110 2977 fundet.

292 2995 440 3061 Incertus
454 3018 566 3060 cancro
582 3006 683 3060 terras
698 3019 770 3060 cum
784 2996 891 3061 letifer
906 3008 988 3063 ortu.

294 3081 398 3146 Strius
413 3082 520 3146 aflavit
534 3082 694 3146 nocituros
709 3092 867 3168 temperat
881 3094 988 3147 aestus.

293 3165 439 3252 Scorpios
452 3167 594 3253 adprime
611 3168 779 3251 quacolitae
794 3169 922 3233 cumina
936 3171 1046 3234 cauda.

293 3253 486 3338 Frigidaque
502 3255 640 3318 extremi
650 3256 718 3339 jam
733 3255 886 3318 claudunt
901 3255 1005 3320 sidera
1018 3256 1130 3340 pisces.

294 3339 426 3404 Maritia
439 3362 504 3403 non
517 3339 588 3403 illos
605 3340 745 3404 turbavit
758 3341 848 3405 itella
862 3363 967 3426 neque
982 3341 1109 3406 imbres.

293 3425 371 3490 And
385 3426 452 3489 ulla
466 3425 582 3490 condet
596 3425 713 3491 nitidos
723 3427 858 3511 caligine
873 3428 964 3491 soles.

392 3535 407 3574 s

295 3595 358 3660 Sed
372 3597 486 3662 diforte
502 3597 587 3661 diem
601 3597 704 3661 victus
719 3597 889 3662 mutaverit
904 3621 967 3662 aer.

293 3681 339 3747 Et
352 3693 464 3748 ventos
479 3695 536 3748 aut
548 3683 663 3747 fundet
680 3705 764 3768 aqua
778 3684 991 3768 gelidissimus
1004 3685 1098 3752 unde.

294 3767 369 3832 Rim
385 3770 471 3852 rigor
485 3781 519 3833 et
533 3779 601 3833 toto
615 3770 726 3833 boreas
742 3770 958 3835 dominabitur
972 3772 1058 3835 orbe.

293 3854 455 3920 Adfaciles
468 3855 572 3939 glebae
586 3855 808 3939 bastastringit
822 3856 939 3940 frigore
954 3880 1062 3922 verno.

293 3940 391 4005 Alma
404 3964 504 4004 venus
516 3942 646 4026 pecudis
661 3941 745 4005 claro
759 3964 830 4006 curn
847 3943 967 4006 vellure
978 3941 1078 4007 fulsis.

295 4027 468 4091 Sublucem
483 4027 631 4091 exoriens
647 4028 820 4113 eademque
836 4029 892 4092 ubi
909 4040 1051 4112 tempore
1066 4030 1187 4094 eodem.

294 4113 478 4178 AEtherium
493 4114 581 4178 venit
596 4114 740 4179 Taurum
755 4137 851 4199 super
864 4114 1021 4178 imbribus
1036 4116 1113 4179 atris

293 4198 339 4264 Et
350 4201 473 4264 tonitru
487 4201 661 4285 crebraque
676 4200 841 4264 abscondit
856 4200 1008 4284 grandine
1025 4211 1133 4266 terras,
