2868 4848
247 523 286 586 lt
643 543 838 588 carnanter

244 679 445 744 armedium
463 678 584 744 Oriona
599 691 685 744 secat
701 703 715 744 s
739 681 883 766 iramque
923 679 1038 746 riorem

245 764 280 830 H
304 765 351 830 dri
366 776 400 829 et
415 763 581 830 Crateram
597 765 697 830 levem
714 702 876 851 donique
891 703 1023 831 liirentis

245 788 380 928 Ultima,
396 851 549 916 deficiunt
563 851 654 934 nigra
669 874 733 937 qua
747 851 851 918 sidera
866 852 977 918 cauda.

246 937 317 1002 Illic
332 947 365 1000 et
380 935 498 1002 Chelas
513 949 691 1002 transverso
706 937 827 1002 lumine
842 960 968 1022 quaeres
1190 943 1240 990 510

245 1023 291 1088 Et
305 1023 380 1088 celsi
394 1035 519 1108 partem
534 1021 660 1106 Anguis
672 1033 706 1088 et
720 1047 739 1088 a
752 1023 858 1088 medio
874 1023 1091 1108 Ophiuchum,

246 1109 316 1174 Nec
330 1108 441 1194 procul
456 1109 530 1172 inde
547 1108 719 1194 Aquilam,
743 1119 812 1174 toto
826 1109 930 1194 capite
946 1110 1077 1174 incubat
1092 1112 1209 1176 ardens

245 1193 386 1278 Pegasus
402 1205 435 1258 ct
449 1195 554 1278 longae
570 1195 673 1279 spatio
687 1195 816 1260 cervicis
830 1194 977 1260 inhaeret.

246 1279 317 1344 Hos
332 1281 435 1358 orbes,
452 1303 589 1366 qnorum
607 1291 727 1346 tractus
741 1292 775 1345 et
785 1283 877 1364 signa
891 1281 1052 1360 docemus,

244 1365 367 1430 Rectus
383 1387 440 1450 per
454 1365 574 1430 medios
588 1366 758 1431 decurrens
772 1367 889 1452 trajicit
904 1367 985 1432 axis.
1190 1372 1239 1420 ⁵15

243 1451 323 1516 Tres
338 1451 512 1516 intervallis
526 1453 656 1536 paribus
671 1453 740 1516 sine
754 1453 818 1516 fine
834 1464 994 1531 rotantur,

245 1538 315 1602 Nec
329 1549 454 1602 mutare
470 1537 534 1602 vias
550 1549 684 1622 possunt
698 1561 757 1602 nec
767 1539 904 1624 jungere
919 1539 1032 1603 sulcos.

244 1623 390 1690 Quartus
405 1623 438 1687 in
454 1623 620 1707 obliquum
635 1636 701 1688 tres
715 1647 800 1689 unus
814 1624 942 1708 colligat
957 1626 1068 1690 orbes:

244 1709 395 1774 Partibus
410 1709 563 1774 extremis
577 1709 716 1774 diversos
730 1709 872 1794 implicat
887 1735 895 1787 3
919 1732 1021 1774 unum

246 1795 337 1859 Inter
351 1805 525 1880 utrumque
540 1806 626 1860 secat
637 1795 778 1860 medium
793 1795 938 1860 desectus
954 1797 994 1860 ab
1009 1797 1075 1875 illo,
1189 1805 1238 1851 520

247 1881 323 1944 Non
339 1879 366 1944 si
382 1879 525 1945 Palladia
538 1881 650 1946 doctus
664 1881 816 1946 formaret
829 1882 870 1945 ab
892 1892 971 1959 arte,

247 1965 413 2032 Distantes
427 1967 520 2031 orbes
534 1967 648 2032 melius
663 1967 828 2050 religasset
841 1967 882 2032 ab
898 1989 972 2033 uno.

247 2052 312 2116 Sed
327 2053 430 2116 tribus
440 2052 525 2116 idern
541 2064 630 2117 ortus
644 2053 731 2116 omni
745 2065 921 2118 nascuntur
935 2053 976 2118 ab
991 2075 1069 2134 aevo,

246 2138 294 2202 At
319 2161 358 2202 ue
372 2137 483 2203 eadem
498 2161 624 2202 occasus
639 2149 807 2202 remanent
820 2139 994 2204 certissima
1008 2142 1107 2225 signa.

289 2161 435 2291 &nortus
449 2224 490 2289 ab
505 2247 623 2288 oceano
639 2234 766 2288 tantum
777 2225 1033 2308 vestigiamutat,
1051 2234 1169 2266 ²⁰⁰¹⁵⁰⁰⁸·
1187 2228 1236 2274 ⁵²⁵

246 2310 389 2394 Obliquo
403 2332 534 2374 currens
548 2309 662 2394 spatio,
679 2321 836 2394 quantum
854 2311 1065 2394 Capricornus

243 2394 401 2462 AEstifero
415 2397 513 2460 distat
527 2393 662 2474 Canem,
679 2419 776 2480 quam
790 2395 874 2460 latus
889 2398 929 2461 ad
944 2419 1037 2462 auras

243 2479 407 2546 AEtherias
422 2482 535 2565 surgit,
551 2493 617 2546 tam
632 2482 727 2546 sacris
741 2482 898 2566 mergitur
912 2483 1016 2548 undis.

244 2566 285 2631 In
300 2590 358 2631 sex
373 2567 558 2652 signiferum
574 2568 600 2631 si
617 2567 689 2652 quis
704 2567 845 2632 diviserit
859 2568 971 2633 orbem

243 2651 400 2738 AEquales
414 2663 532 2738 partes,
548 2655 735 2717 succumbet
749 2653 860 2736 regula
874 2654 958 2717 binis
1187 2653 1236 2699 ⁵3⁰

243 2737 382 2804 Inferior
393 2739 501 2824 signis,
518 2739 612 2824 spatii
625 2750 817 2824 tantumque
832 2740 956 2804 tenebit

243 2823 329 2903 Una,
346 2826 396 2889 sui
405 2825 513 2889 lateris
528 2835 685 2910 quantum
701 2849 720 2890 a
734 2824 863 2889 Tellure
878 2825 1018 2902 recedit;

242 2910 313 2974 Nee
328 2921 435 2975 tamen
449 2911 606 2975 humanos
621 2911 705 2975 visus
719 2909 803 2994 fugit
816 2911 950 2976 ultimus
965 2911 1059 2976 orbis.

243 2995 325 3060 Haec
340 2998 391 3061 via
407 2997 489 3060 Solis
505 2998 567 3060 erit
580 2997 629 3060 bis
645 2998 728 3060 senis
743 2997 849 3061 lucida
861 2997 969 3080 signis.

242 3082 369 3146 Nobilis
384 3082 435 3147 hic
448 3081 544 3146 Aries
559 3093 671 3147 aurato
685 3083 812 3159 vellere,
829 3084 989 3167 quondam
1187 3081 1234 3128 555

241 3168 311 3236 Qui
326 3169 402 3234 tulit
414 3170 450 3233 in
464 3169 587 3233 Tauros
598 3168 767 3246 Phrixum,
784 3169 841 3253 qui
854 3170 997 3253 prodidit
1012 3167 1146 3245 Hellen3

241 3254 350 3321 Quem
366 3265 497 3340 propter
510 3253 664 3319 fabricata
678 3255 766 3332 ratis,
783 3276 880 3338 quem
895 3257 1017 3340 perfida
1033 3253 1159 3318 Colchis

241 3341 354 3425 Sopito
369 3341 463 3425 vigile
476 3342 599 3404 incesto
615 3341 744 3405 donavit
759 3341 868 3404 amori.

240 3424 398 3510 Corniger
412 3427 464 3490 hic
479 3427 617 3505 Taurus,
633 3427 724 3511 cujus
740 3426 873 3511 decepta
887 3426 991 3510 figura

238 3512 381 3597 Europe,
397 3513 544 3576 thalamis
559 3523 593 3576 et
606 3512 790 3596 virginitate
805 3512 926 3589 relicta,
1186 3511 1235 3559 ⁵4⁰

239 3597 303 3663 Per
317 3601 399 3663 freta
414 3597 558 3664 sublimis
573 3610 675 3682 tergo,
691 3598 855 3662 mendacia
870 3599 970 3663 sensit

239 3684 359 3763 Litora,
378 3685 503 3750 Cretaeo
518 3695 629 3768 partus
643 3685 740 3748 enixa
754 3685 879 3748 marito.

240 3771 325 3835 Sunt
341 3771 484 3849 Gemini,
501 3793 583 3855 quos
599 3770 687 3834 nulla
701 3771 768 3834 dies
783 3771 843 3834 sub
859 3768 993 3833 Tartara
1006 3767 1104 3844 misit,

240 3857 304 3920 Sed
319 3858 397 3921 caelo
412 3878 547 3958 semper,
563 3857 671 3920 nautis
685 3856 850 3920 laetissima
865 3855 965 3939 signa,
1081 3923 1083 3926 ,

238 3942 373 4007 Ledaeos
387 3954 501 4008 statuit
509 3945 645 4030 juvenes
660 3953 753 4026 pater
767 3943 836 4027 ipss
852 3942 994 4006 deorum.
1182 3939 1233 3986 545

238 4028 284 4092 Te
299 4051 437 4114 quoque,
452 4029 622 4094 fecundam
638 4039 775 4093 meteret
790 4050 890 4114 quum
905 4027 1049 4091 corninus
1066 4023 1212 4110 Hydram
