2904 4848
250 503 276 552 xl
709 517 787 552 sarrs

249 659 327 708 apros
360 641 431 690 Adae
443 641 562 690 Servium.
574 641 637 690 Vide
648 643 678 690 de
690 642 747 690 Sirii
759 641 783 690 vi
793 643 878 690 eadem
890 642 993 692 Hesion.
1004 643 1076 706 Oper.
1089 642 1127 690 11.
1138 644 1169 691 ³5
1183 658 1264 706 seqq.

248 707 556 758 -SCE--Eraminat
566 709 594 755 B.
610 709 715 755 maluae
726 707 848 756 a-ou.

282 776 338 822 840.
356 771 441 821 Prima
451 773 586 835 speculatur
595 771 625 820 ab
636 771 702 834 artu]
716 771 804 820 Monet
814 772 906 820 Aratum
916 773 991 820 etiam
1008 772 1034 819 in
1053 787 1140 820 occasu
1151 773 1264 834 conspi-

249 838 370 888 ciendum.
388 838 423 884 ait
440 837 507 886 enim
525 835 610 884 κείνου
628 837 671 884 καὶ
688 835 825 894 κατιόντος
841 834 978 900 ἀκούομεν.
1012 838 1103 885 Sensus
1122 838 1263 900 utriusque

249 903 324 960 idem,
336 902 427 951 Sirium
439 902 542 964 aprima
553 902 624 949 initia
635 903 666 949 ad
674 903 749 949 linem
760 917 838 964 usque
848 917 897 949 non
909 901 1090 964 negligendum.
1125 901 1173 948 Est
1183 903 1263 949 enim

249 969 382 1018 vehemens
401 967 428 1014 in
444 974 499 1014 artu
517 974 543 1015 et
554 982 648 1014 occasu.
682 966 799 1014 Manilius
810 967 852 1014 lib.
866 967 886 1014 l.
899 983 920 1015 v.
930 969 987 1024 385,
998 967 1155 1029 Subsequitur
1164 968 1261 1028 rapido

250 1038 359 1081 contenta
369 1033 478 1080 cannula
489 1047 559 1079 curua
567 1053 578 1078 .·
595 1031 650 1087 Qua
660 1031 753 1078 nullum
765 1035 833 1079 terris
844 1033 967 1079 mokntius
977 1033 1072 1080 menti
1078 1037 1177 1079 ostrum.
1197 1031 1261 1079 Nec

247 1101 346 1161 pravius
365 1097 443 1144 cedit:
465 1111 508 1144 nea
526 1095 623 1144 horrens
633 1096 728 1157 friqore
745 1099 828 1159 carpit.
862 1097 911 1144 Ubi
922 1112 1007 1144 versus
1022 1102 1111 1144 torrens
1127 1096 1258 1157 postulare

248 1162 353 1212 videtur.
386 1162 483 1208 Scimus
493 1168 575 1208 autem
585 1176 653 1209 urere
661 1168 686 1209 et
696 1166 785 1209 torrem
794 1161 868 1210 etiam
878 1161 905 1209 in
915 1161 1003 1224 frigore
1014 1161 1071 1208 dici.
1090 1160 1256 1208 Gru-scu.

249 1226 456 1290 -Speeulalor
467 1225 611 1274 riu-01³„

282 1293 339 1340 341.
356 1291 466 1338 Aur-itum
478 1289 591 1352 Ιιροτιοι]
613 1290 671 1338 Duo
691 1288 717 1336 hi
734 1305 818 1338 sersus
836 1305 866 1337 ex
884 1288 1052 1352 Mannscripto
1071 1295 1130 1336 sunt
1146 1287 1253 1336 inserti:

250 1371 354 1419 quorum
399 1355 485 1402 sterion
493 1356 529 1402 ita
539 1355 659 1416 legendus
667 1371 673 1401 ε
695 1353 797 1415 Uryetor
806 1370 877 1403 euna
885 1355 954 1402 rutili
962 1359 1029 1402 canis
1037 1355 1079 1402 ille
1087 1368 1131 1414 per
1140 1353 1252 1412 aeleram,

249 1421 368 1471 AEtleram
400 1434 444 1482 pro
464 1420 550 1467 athera
567 1419 701 1482 saepissime
719 1419 781 1468 dixit
799 1419 918 1468 Avienus.
952 1420 1003 1467 Ga.
1037 1419 1151 1482 Sequitur
1168 1417 1249 1480 canu]

251 1486 332 1534 Simili
350 1486 377 1533 in
395 1501 421 1532 re
439 1484 569 1532 Sallustius
580 1484 596 1530 J
598 1484 695 1546 ugurth.
707 1499 760 1546 cap.
774 1486 818 1533 101
831 1491 891 1531 extr.
929 1485 992 1530 Tum
1001 1485 1160 1545 spectaculum
1172 1483 1249 1532 leni-

250 1550 296 1599 bile
306 1554 333 1598 in
344 1553 433 1611 campis
440 1549 591 1612 patentibus:
606 1549 780 1612 aequassem,
791 1551 873 1608 aeddi,
885 1548 1248 1612 capi.-SCH.-Omittunt

249 1631 273 1664 v.
286 1617 345 1665 341.
356 1615 432 1664 AFP.
450 1614 550 1661 Habent
561 1613 660 1676 BEGg.
676 1613 727 1661 ita:

412 1680 524 1726 auritum
535 1681 648 1741 Leporem
658 1677 1009 1740 sequituraanisetfirqitille:
1234 1679 1247 1726 1

416 1741 537 1806 Urpuetur
546 1759 616 1791 αιτιοι
625 1744 695 1791 rutili
705 1746 770 1790 canis
781 1741 822 1790 ille
831 1759 874 1806 per
883 1743 996 1790 unum:

412 1809 453 1854 Sic
462 1813 587 1872 utrumque
597 1811 681 1864 oritur,
691 1811 726 1855 sic
736 1807 822 1856 occidit
831 1809 930 1867 infreta
939 1808 1011 1854 sidus.

411 1871 534 1920 Paruulus
543 1877 570 1922 in
580 1874 655 1920 sulla
667 1873 732 1935 lepus
740 1879 775 1920 est
786 1887 892 1935 quoque5
908 1887 1008 1936 namqrae
1016 1869 1057 1920 uli
1066 1887 1167 1936 ιιιοφιιιι

410 1935 509 1984 Emicat
521 1937 596 1985 Orion
605 1939 700 1999 pecuina
711 1937 743 1984 acl
753 1940 852 2000 vestiyia
861 1936 939 1985 satur

411 2001 528 2060 Volvitur,
539 2004 665 2050 nutantem
672 2005 760 2064 premit
769 2005 836 2064 lynea
848 2001 928 2050 Sirius
938 2017 993 2050 are:

412 2064 446 2114 At
457 2081 505 2128 qua
515 2069 592 2115 cauda
605 2066 678 2114 Canis
689 2068 811 2128 lanquenti
822 2067 909 2114 desinit
920 2073 992 2124 astro,

410 2129 516 2192 Fulpent
525 2131 606 2192 Aenon
617 2131 692 2180 stellis
701 2132 819 2194 aplustria
826 2133 929 2193 puppis,·

410 2193 494 2257 Puppe
504 2199 590 2245 etenim
600 2197 712 2252 trahitur,
727 2211 776 2244 nan
788 2202 851 2244 reeta
862 2196 937 2244 libero
946 2210 1024 2242 cursa

414 2258 450 2307 Ut
460 2276 532 2322 quum
543 2261 667 2309 dentem
676 2259 769 2308 inhibet
773 2261 828 2322 jam
838 2264 922 2308 navita
930 2275 1006 2307 remos
1016 2265 1063 2308 cet.
1218 2261 1247 2309 10

281 2323 318 2384 (1)
334 2322 367 2370 Ar
378 2324 449 2386 sapit
471 2325 556 2373 Buhlii
575 2341 641 2386 susp.
675 2326 711 2386 (2)
732 2324 835 2386 Uenetae
853 2326 924 2387 BGg.
948 2325 1017 2371 ethra
1034 2326 1063 2371 B.
1090 2322 1176 2371 ethera
1197 2323 1245 2384 Gg.

249 2386 286 2449 (3)
305 2387 404 2437 Habent
415 2389 461 2437 AF
464 2390 491 2439 P.
507 2394 533 2438 in
536 2393 607 2452 freta
616 2391 683 2438 aidus
692 2390 839 2452 BEGPgsb.
855 2391 921 2449 infra
930 2391 995 2437 sidus
1004 2388 1036 2437 A.
1055 2390 1134 2450 insero
1142 2387 1208 2434 aidus
1217 2387 1246 2436 F.

249 2453 309 2501 Post
326 2453 392 2501 hunc
411 2469 509 2502 versum
525 2457 635 2519 seqnitur
652 2455 678 2502 in
696 2457 724 2502 A.
742 2455 796 2502 hic:
817 2454 858 2502 Tu
867 2468 966 2515 percum
980 2455 1111 2516 (superscr.
1124 2468 1147 2509 a,
1161 2452 1245 2500 utsit:

245 2519 359 2580 parvum)
370 2520 484 2579 Leporem
493 2523 600 2583 primore
608 2519 663 2581 (sic)
672 2519 714 2566 sul
730 2521 830 2567 Orione:
847 2520 874 2566 in
887 2520 949 2567 FP.:
973 2521 1007 2566 Tu
1022 2532 1122 2580 parvum
1132 2515 1247 2578 leporem

245 2584 364 2696 11111
374 2581 1246 2711 111111111111111111111111111111111111

249 2712 316 2761 huno
328 2729 351 2759 v.
363 2713 477 2761 confecit.
505 2715 553 2762 Sed
563 2715 589 2761 in
601 2714 646 2761 cd.
660 2715 690 2760 Α.
700 2714 837 2776 corruptela
843 2717 950 2776 prinmre
961 2713 1125 2770 latete-imore,
1136 2712 1245 2772 verbum,

248 2777 275 2888 ip
284 2777 497 2889 &admonemus
508 2780 549 2827 vix
560 2779 692 2889 ἰηοὶἀίειεῖῑ.
709 2778 829 2890 Praeterea
841 2778 1036 2904 eliliittAim
1044 2793 1067 2826 v.
1077 2779 1132 2852 333.
1150 2776 1246 2890 liodwllv

361 2859 391 2890 νο
422 2842 503 2892 υπίι’
540 2842 649 2892 ariacas
683 2859 700 2889 α
719 2859 737 2888 ω
755 2859 824 2899 cce.
932 2858 958 2890 os
1004 2858 1052 2890 unc
1072 2858 1093 2890 v.
1114 2857 1140 2888 m
1195 2876 1202 2890 .
1237 2877 1243 2890 .

249 2859 413 2968 sequiinturi.
424 2851 539 2958 censiti
555 2860 647 2957 Viscus
659 2859 717 2954 tres?
717 2907 767 2958 7-9.
785 2908 874 2956 absunt
881 2909 911 2955 ab
920 2907 995 2956 AFP.
1008 2907 1106 2956 Habent
1115 2922 1155 2954 eos
1165 2902 1245 2958 BEG.

248 2970 306 3018 Jam
318 2988 340 3019 v.
355 2976 377 3021 2.
390 2983 427 3022 est
437 2975 526 3023 Avieni
536 2990 559 3022 v.
571 2974 642 3029 749.;
660 2972 772 3034 quocirca
790 2988 847 3020 eum
864 2973 990 3020 omisimus
1002 2972 1031 3020 de
1042 2988 1068 3034 g.
1085 2973 1204 3020 sententia
1221 2977 1246 3019 et

249 3051 306 3084 amn
319 3053 340 3084 s.
358 3039 471 3088 Retinrsit
481 3041 505 3088 b.
518 3055 556 3087 vv.
571 3039 594 3097 4,
605 3041 634 3086 5:
652 3043 710 3086 suut
720 3037 859 3099 Avianius.
871 3039 926 3097 tat,
935 3036 990 3096 748,
1002 3052 1025 3087 v.
1033 3037 1060 3085 6:
1074 3045 1110 3084 est
1122 3037 1211 3085 Avieni
1222 3052 1244 3085 v.

249 3099 305 3157 750,
316 3102 575 3165 interpolatus—OB.

281 3168 337 3214 342.
355 3167 396 3215 Sic
412 3177 537 3232 utrumque
553 3165 641 3230 antur]
660 3166 760 3214 Putavit
776 3166 956 3216 illustrissimus
974 3165 1082 3228 Scaliger
1099 3165 1244 3228 legendnm:

249 3229 293 3279 su
308 3233 335 3278 in
354 3239 488 3297 urnamque,
506 3241 530 3281 et
548 3233 615 3281 hunc
632 3247 730 3280 versum
749 3233 780 3280 ad
800 3233 889 3280 Sirium
908 3231 1068 3279 referendum.
1109 3232 1182 3282 Quod
1200 3245 1244 3294 ego

248 3296 348 3358 quidem
359 3297 473 3346 facillime
484 3298 652 3355 concesserim,
663 3297 710 3344 nisi
719 3297 746 3344 in
753 3297 917 3360 manuscripto
929 3297 977 3344 duo
988 3295 1025 3343 illi
1036 3311 1120 3344 versus
1127 3296 1244 3344 hactenus

248 3361 377 3408 desiderati
388 3363 559 3411 insererentur.
591 3362 638 3410 Sed
654 3362 760 3424 proiecta
770 3378 853 3411 versus
863 3362 984 3410 secundus
1002 3377 1033 3408 ex
1049 3360 1145 3409 Avieno
1154 3368 1198 3419 est,
1217 3368 1245 3408 ut

248 3431 273 3472 et
283 3431 332 3472 tres
344 3426 380 3474 illi
392 3435 529 3490 sequentes,
542 3426 660 3476 Paruulus
670 3429 697 3473 in
707 3427 789 3484 stellis,
800 3431 839 3484 isc.
871 3426 975 3475 Versum
983 3426 1059 3473 istum
1070 3424 1111 3474 Sic
1121 3431 1244 3487 utrumque

248 3498 346 3538 secutus
365 3500 402 3540 est
422 3493 540 3540 hactenus
550 3492 577 3539 in
587 3491 693 3553 vulgatis
704 3491 765 3538 alter
776 3491 839 3548 talis,
852 3489 890 3538 Tu
901 3506 1004 3553 parcum
1019 3491 1121 3553 leporem
1129 3489 1245 3552 perpende

247 3554 289 3602 sub
303 3555 400 3604 Orione.
435 3557 486 3607 Qui
497 3557 527 3604 ab
536 3557 633 3604 indocto
645 3555 726 3616 aliquo
738 3556 856 3603 monacho
872 3555 994 3618 proiectus
1005 3563 1050 3602 est.
1083 3553 1171 3616 itaque
1181 3554 1243 3602 rele-

247 3619 349 3682 gandus.
383 3621 476 3670 Versus
494 3636 552 3682 ergo
571 3621 598 3668 hi
611 3621 646 3669 ita
662 3619 767 3680 legendi,
779 3621 872 3668 caeteris
881 3619 1002 3667 inductis:
1021 3618 1131 3667 Auritum
1143 3620 1244 3681 leporem

247 3687 355 3747 sequitur
366 3690 439 3744 canis,
451 3686 546 3747 etfupit
555 3687 604 3734 ille.
638 3688 677 3732 Sia
689 3691 812 3747 utrumque
823 3687 906 3743 oritur,
917 3686 953 3732 sic
964 3685 1050 3731 coedit
1061 3687 1087 3731 in
1091 3685 1161 3743 freta
1171 3685 1246 3732 sidus.

247 3752 283 3796 At
293 3765 340 3812 qua
352 3751 428 3798 cauda
440 3753 513 3808 canu,
525 3755 564 3808 tre.
598 3750 653 3798 Hoc
665 3749 738 3797 dicit:
764 3749 837 3797 Canis
857 3750 964 3812 leporem
981 3747 1125 3810 insequitur.
1161 3748 1244 3812 Lepus

247 3829 333 3861 canem
343 3815 413 3877 fugit.
448 3815 584 3877 Ea'lfigura
601 3816 712 3863 oriuntur
732 3822 757 3864 et
774 3815 894 3862 occidunt.
928 3813 1030 3862 Dixerat
1041 3813 1106 3860 enim
1118 3813 1209 3861 Aratus
1220 3827 1243 3862 v.

248 3880 302 3926 ³41.
338 3877 390 3927 Kal
408 3877 432 3928 ὁι
449 3877 611 3940 ἐπαντέλλει,
632 3879 674 3928 καί
688 3897 733 3947 μιν
745 3877 868 3928 κατιόντα
881 3876 969 3926 διώκει
988 3877 1034 3926 hoc
1045 3885 1090 3937 est,
1104 3878 1243 3940 Surqeniem

246 3942 1243 4072 1111111111111111011111111111111111

687 4029 696 4061 l
870 4043 877 4068 ι
