2868 4848
526 531 669 568 PRAEFATIO
682 531 792 568 ssliO'l'll.
1123 529 1160 564 ΧΥ

158 661 299 716 dimidium
317 660 386 714 illud
403 660 444 727 iis,
463 677 523 730 quae
544 677 607 715 cnm
625 659 746 730 sequenti
757 659 888 726 oriuntur,
907 659 1006 725 inserit,
1024 659 1104 730 cujus
1122 661 1159 714 rei

158 731 281 802 exempla
298 733 360 785 satis
378 732 464 785 multa
480 732 605 784 iuvenies.
642 731 773 784 Praeterea
789 729 929 799 aliquoties
947 731 1059 786 Aratum
1070 731 1159 800 ipsum

75 803 77 808 ’
157 821 194 857 ex
204 803 316 856 aliorum
327 804 544 856 Astronomorum
555 801 694 871 disciplina
704 801 824 866 correxit,
841 807 873 855 ut
883 818 947 855 cum
957 801 1055 855 Aratus
1066 801 1161 856 dextro

158 873 225 944 pede
243 872 309 925 Nixi
327 874 365 926 ait
382 873 531 926 Draconem
548 873 639 943 premi,
655 873 713 942 ipse
727 871 826 925 laevum
837 873 934 941 posuit,
951 879 979 926 et
996 873 1043 925 ubi
1061 873 1160 926 Aratus

157 945 290 998 humanas
306 943 429 997 Chironis
446 951 533 1026 partes
543 943 581 996 ait
591 959 647 996 esse
657 944 707 996 sub
720 941 836 1012 Scorpio,
853 941 965 1010 equinae
982 943 1033 995 sub
1050 943 1159 997 Chelis:

156 1015 204 1068 ille
214 1014 309 1067 melius
320 1015 370 1066 sub
381 1012 490 1084 Virgine
500 1014 619 1083 equinas,
637 1014 687 1066 sub
705 1012 795 1066 Chelis
806 1011 937 1066 humanas
949 1013 1068 1079 collocat,
1105 1013 1159 1068 uod

158 1101 207 1138 nos
218 1085 281 1137 satis
291 1081 401 1137 feliciter
411 1084 612 1138 observavimus.
648 1082 717 1137 Hac
735 1083 757 1136 si
775 1082 900 1165 excipies,
917 1099 1004 1152 pauca
1014 1083 1077 1137 adm
1112 1101 1159 1138 um

156 1155 434 1280 iffliffiiiinvqffibm
442 1154 617 1208 Germanicus
624 1153 686 1224 plus
692 1153 795 1222 aliquid
803 1169 924 1206 minusve
935 1161 984 1208 aut
993 1153 1069 1208 aliud
1077 1171 1159 1226 quam

245 1243 257 1276 s
297 1241 348 1278 ca.

194 1243 277 1349 Nilne
294 1295 330 1347 nd
346 1294 460 1348 alarum
471 1295 630 1364 opusculum
642 1295 787 1358 veniamus,
824 1293 878 1347 uod
889 1309 952 1348 eum
962 1311 997 1348 ex
1013 1295 1093 1350 Arato
1106 1311 1159 1350 non

157 1365 323 1420 transtulisse
348 1365 473 1430 diximus,
493 1382 528 1418 ex
546 1365 605 1418 aliis
624 1365 786 1418 Astronomis
806 1311 907 1418 iliacis
927 1364 1083 1418 desumsisse
1105 1381 1159 1418 non

157 1436 349 1506 negaverimus.
387 1435 421 1488 In
433 1452 464 1488 eo
475 1435 640 1505 planetarum
651 1442 783 1500 naturam,
801 1442 828 1488 et
839 1435 978 1504 signorum
990 1435 1112 1502 Zodiaci,
1130 1443 1157 1490 et

157 1523 249 1560 eorum
266 1505 334 1559 inter
351 1523 379 1558 se
396 1506 548 1559 relationem
560 1512 587 1559 'et
596 1506 753 1576 conjunctas
764 1506 832 1558 vires
843 1505 997 1575 complexus
1013 1514 1059 1560 est
1096 1505 1159 1560 Hoc

157 1594 225 1648 opus
235 1576 409 1629 indicatcum
420 1576 459 1629 ait
468 1577 497 1628 iu
508 1576 564 1630 sine
581 1577 672 1646 prima
691 1577 772 1646 partis
791 1576 986 1629 Phanomenon
1003 1575 1078 1644 (sunt
1088 1577 1158 1630 enim

158 1648 266 1700 omnino
278 1654 330 1700 tres
341 1645 374 1699 de
384 1647 469 1712 astris,
489 1646 521 1700 de
536 1647 650 1712 circulis,
670 1646 703 1700 de
714 1647 890 1700 coorientibus
901 1653 929 1699 et
938 1645 1161 1717 coaccidentibus)

383 1739 895 1790 Hooopnsaresnissieredampostmodollusis,

382 1791 473 1840 Tempus
480 1792 551 1841 etipse
558 1791 623 1842 labor,
630 1792 735 1840 peliuntur
743 1791 792 1840 iam,
800 1790 886 1832 docebit.

157 1867 200 1921 Ad
212 1866 384 1920 Planctarum
395 1873 519 1941 naturam
530 1867 643 1936 pertinet
652 1866 737 1920 illud:

382 1961 430 2001 Hac
437 1961 517 2012 rapitur
524 1962 607 2010 thbe,
614 1972 651 2011 per
657 1961 712 2001 idem
721 1961 842 2011 cymemim
849 1961 910 2012 ignia

154 2048 182 2094 et
193 2057 253 2110 qua
266 2044 422 2108 sequuntur.
460 2037 534 2092 Illud
546 2055 606 2091 vero
617 2037 763 2109 praecipue:

439 2183 444 2193 ¹
646 2183 652 2194 ·
706 2137 784 2194 torpere
792 2134 889 2193 videnter

383 2183 459 2224 Omnis
468 2182 567 2224 Saturio:
580 2183 680 2224 rarosdlc
687 2188 784 2232 exprimit
791 2195 850 2234 ignes

382 2233 412 2274 Iit
419 2234 484 2274 siccas
491 2235 569 2274 hiemes
577 2233 679 2274 adstrictis
686 2233 767 2283 perlicit
773 2234 842 2273 undis.

157 2311 200 2366 Ad
212 2312 348 2382 signorum
359 2317 483 2363 naturam
493 2308 671 2380 fragmentum
682 2307 759 2376 illud,
770 2309 843 2379 quod

384 2402 679 2452 emeinepcmixeussrics
686 2401 810 2452 nivibusque
818 2403 902 2444 aducis

158 2483 326 2542 Relationem
337 2481 440 2535 indicat
451 2480 505 2533 illis
516 2481 633 2536 versibus
642 2499 650 2546 3

384 2576 438 2616 liaeo
445 2579 470 2615 ut
477 2575 564 2625 quisque
572 2575 631 2615 Deus
638 2574 729 2624 possedit
736 2574 822 2615 numine
830 2575 897 2627 signe,

388 2625 488 2677 adjungit
495 2625 587 2675 proprias
594 2625 655 2666 vires.

160 2704 197 2758 Et
216 2704 245 2755 in
263 2702 410 2772 fragmento
428 2701 474 2752 illo
493 2699 563 2770 quod
581 2701 635 2754 inci
654 2702 676 2754 it
686 2699 841 2756 AEtbericm
851 2702 921 2756 venit
932 2701 1074 2756 ῑὴιιῖωωωω
1084 2721 1163 2775 super

158 2775 293 2845 explicata
312 2772 433 2826 videmus
451 2770 559 2824 Veneris
576 2778 603 2824 et
654 2773 749 2826 ercurii
767 2789 813 2842 per
833 2774 1046 2843 qualibetsigna
1057 2791 1120 2828 curn
1131 2775 1159 2828 in

163 2853 224 2899 ortu
243 2851 302 2898 turn
321 2844 350 2896 in
370 2859 465 2896 occasu
485 2841 594 2895 effectus
605 2849 633 2896 et
644 2844 813 2912 operationes.
858 2843 998 2898 Hactenus
1010 2844 1043 2897 de
1054 2851 1162 2900 auctore

159 2931 240 2985 quem
260 2915 390 2984 optimum
414 2912 525 2965 Poeam
544 2911 626 2966 fuisse
637 2914 736 2983 optimo
748 2913 840 2980 Poeta,
859 2913 954 2967 Ovidio
972 2931 1074 2984 nempe,
1093 2923 1159 2970 teste

159 2986 223 3040 satis
234 2991 352 3038 constat:
371 2990 398 3036 et
418 2999 458 3035 res
477 2983 543 3052 ipsa,
561 2999 595 3036 ne
613 2983 679 3053 quid
696 2984 755 3053 ejus
771 2985 881 3038 auribus
899 2985 992 3039 datum
1010 2987 1043 3038 ab
1063 2985 1160 3040 Ovidic

158 3063 292 3126 putemus,
304 3055 476 3124 satisprobat.
1060 3111 1065 3117 ,

195 3125 237 3179 Ad
257 3126 427 3194 exscriptores
442 3131 469 3177 et
484 3124 644 3193 exemplaria
654 3125 799 3192 veniamus,
817 3133 916 3179 etune
934 3125 1000 3195 quid
1018 3142 1065 3180 nos
1082 3127 1110 3180 in
1129 3144 1159 3180 co

159 3196 365 3267 praestiterimus,
385 3211 465 3264 quem
484 3194 603 3248 ordinem
622 3204 649 3249 et
666 3195 775 3249 modum
793 3197 821 3249 iu
839 3204 916 3249 textu
934 3197 1056 3266 notisque
1075 3199 1159 3252 secuti

160 3269 252 3333 simus,
268 3266 380 3319 breviter
390 3265 559 3334 explicemus.
597 3264 778 3336 Exscriptores
789 3274 884 3322 nactus
896 3274 935 3321 est
944 3268 1160 3336 imperitissimos,

159 3338 225 3391 adeo
236 3343 269 3390 ut
278 3337 325 3388 vix
335 3342 426 3406 putem
443 3335 528 3389 aliurn
546 3337 696 3406 quempiam
711 3344 767 3389 tam
778 3338 871 3391 misere
881 3345 1029 3408 exceptum.
1066 3337 1159 3392 Ratio-

160 3425 222 3462 nem
240 3408 359 3477 queris?
394 3405 473 3459 Nulli
491 3404 572 3458 ferme
590 3407 635 3459 alii
657 3406 709 3460 fuit
727 3407 797 3474 usui,
817 3408 869 3460 nisi
885 3414 918 3460 ut
934 3409 1095 3478 imaginibus
1106 3426 1158 3462 coe-

158 3479 270 3533 lestibus
282 3477 392 3547 depictis
403 3476 519 3529 carmina
529 3476 611 3542 illius,
630 3477 702 3546 quod
718 3478 747 3529 in
762 3477 822 3532 aliis
838 3494 945 3548 quoque
955 3479 1065 3548 picturis
1076 3480 1158 3532 usita-

160 3557 228 3615 tum,
245 3547 281 3601 ad
291 3548 493 3619 explicationem
504 3548 694 3600 subservirent:
714 3565 774 3617 quae
785 3551 864 3602 etiarn
876 3565 957 3602 causa
967 3557 1013 3614 est,
1031 3566 1080 3603 cur
1097 3549 1159 3603 hac-

159 3627 239 3673 teuus
255 3619 341 3689 prima
358 3624 464 3672 tantum
479 3624 553 3686 parte
567 3617 757 3687 phaenomenon
768 3617 849 3673 fuerit
859 3619 952 3672 editus.
990 3619 1066 3674 Idem
1078 3621 1158 3673 etiam

159 3690 323 3743 occasionem
343 3687 505 3758 quibuslibet
541 3689 642 3741 raestitit
659 3706 706 3758 pro
724 3705 772 3742 suo
790 3691 893 3743 cerebro
911 3707 974 3742 eum
989 3690 1159 3756 immutandi,

158 3759 311 3826 mutilandi,
320 3758 453 3828 augendi:
471 3775 499 3810 m
529 3764 587 3812 tum
598 3759 669 3812 enim
680 3759 824 3828 majestatis
835 3767 862 3813 et
870 3761 1017 3814 reverentiae
1029 3761 1157 3831 opusculo

159 3830 248 3883 divino
268 3829 393 3884 detritum
414 3835 461 3895 est,
481 3845 544 3882 cum
562 3830 695 3883 mantissa
712 3830 769 3883 loco
780 3831 1005 3900 imaginibusillis
1016 3830 1156 3886 accederet.

160 3900 258 3970 Itaque
280 3917 372 3953 verum
395 3899 427 3952 de
456 3899 621 3966 Germanico,
649 3899 721 3970 quod
743 3908 771 3953 et
792 3902 825 3954 de
849 3902 929 3954 Arato
951 3901 989 3954 ait
1012 3901 1155 3955 Leontius:

154 3970 272 4035 ’Όμηρον
284 3972 332 4034 μὲν
343 3969 372 4018 ’ἐν
383 3968 448 4028 εἶδος
459 3969 576 4038 γραφέων
586 3969 710 4032 βλάπτει,
721 3974 774 4020 τῶν
785 3969 988 4035 βιβλιογράφων’
1004 3969 1118 4036 Ἀρατον
1130 3970 1157 4020 δὲ

159 4034 215 4095 eto,
226 4035 421 4101 βιβλιογράφων
433 4055 460 4086 τε
472 4038 514 4086 καὶ
526 4038 670 4102 ζωγράφων·
708 4036 769 4090 Hoc
781 4044 828 4102 est,
839 4037 952 4088 Homero
963 4035 1011 4090 soli
1020 4036 1159 4108 ecsceipto-
