2902 4838
557 544 592 582 Ab
604 544 811 580 telesinum.
1147 543 1192 580 11th

198 687 268 739 paeus
280 673 310 722 sd
321 672 421 721 Anthol.
433 671 476 721 Gr.
492 686 548 735 pag.
560 669 599 724 47.
634 671 772 736 Utrumque
791 671 900 721 numeris
919 671 977 730 suis,
995 672 1021 721 id
1038 676 1075 720 est
1094 671 1192 735 elegan-

201 740 310 797 tissimis,
330 738 417 787 Latine
428 738 499 786 vertit
511 737 585 801 Hngo
598 738 714 786 Grotius:
732 738 802 800 cujus
820 737 1028 800 interpretationes
1048 738 1192 786 Graecorum

200 805 413 868 Epigrammatnm
425 803 579 852 eolibeutius
596 819 652 851 cum
672 803 801 850 Musarum
822 803 935 850 studiosis
955 803 1115 862 communico,
1134 803 1192 864 quis

199 869 249 917 illis
261 869 348 917 eximio
360 869 406 916 hoc
417 867 470 915 Viri
488 867 631 915 immortalis
649 868 761 916 thesauro
780 867 888 916 nondum
906 868 972 916 beeri
990 868 1106 929 contigit:
1124 867 1191 914 Pur·

201 947 282 982 ursei.
302 932 386 981 Tbrcm
401 949 462 996 pom
478 933 590 980 adstricto
606 932 683 995 glacie
700 934 756 980 dnm
774 933 834 980 mitt
852 937 878 981 in
896 933 983 992 Hebro,
1001 933 1102 995 Eripuit
1118 935 1192 981 vilem

199 1014 261 1046 mors
278 1001 376 1060 inopino
393 998 491 1046 breuem
526 998 591 1044 Nom
600 1000 718 1045 minuente
726 996 780 1060 geln
791 1013 844 1045 cnm
850 997 952 1060 pondere
963 1003 1079 1060 rumperet
1090 1012 1191 1056 omnen,

201 1062 307 1112 Abscidit
323 1064 408 1123 infletis
427 1062 518 1110 lubrica
536 1068 595 1110 teste
611 1069 689 1124 capot.
725 1061 808 1110 Cetera
824 1066 860 1110 vis
871 1064 945 1124 fluvii
955 1066 1042 1125 rapuit,
1054 1069 1192 1125 servataque

201 1134 293 1176 tentem
309 1127 415 1179 Fenereo
432 1132 508 1175 mater
523 1131 626 1189 repperit
644 1143 686 1175 ore
703 1143 767 1189 rogo.
800 1128 856 1175 Hen
872 1131 958 1176 misere
973 1133 1071 1191 pertram
1080 1127 1193 1175 limmat

199 1196 261 1255 ignes
272 1199 294 1241 et
304 1194 375 1252 unda,
396 1192 444 1250 Qui
460 1195 566 1242 nentrim
583 1195 827 1255 crescentemque
838 1193 899 1252 suit.
931 1193 1040 1242 Franci.
1057 1191 1125 1239 Dnm
1131 1207 1193 1254 puer

200 1259 312 1305 adstricto
322 1260 398 1320 glacie
409 1259 502 1306 bsscivit
512 1261 537 1305 in
550 1257 637 1316 Hebro,
659 1257 733 1306 Cessit
751 1257 784 1304 ed
800 1261 915 1305 instantes
925 1258 1021 1320 frigide
1039 1263 1098 1306 testa
1113 1257 1193 1320 pedes.

200 1322 284 1385 Illnpsi
303 1327 408 1370 teneam
427 1326 620 1384 capestocernice
636 1325 728 1381 recidit,
748 1321 813 1370 Pers
829 1324 857 1371 de
875 1325 982 1370 Bistonio
992 1325 1094 1385 flumine
1113 1324 1193 1370 vincta

198 1389 261 1450 gelu.
293 1387 326 1434 ln
342 1403 406 1436 mere
418 1388 472 1447 sert
492 1395 599 1435 truncum
611 1389 686 1447 fluvii
704 1389 832 1436 molentis:
846 1388 983 1445 meterNil,
1004 1390 1192 1450 cepiteercepto‚

200 1452 263 1516 guod
273 1453 408 1512 tenebret,
420 1452 497 1500 babet.
530 1451 566 1500 Et
573 1456 678 1514 graviter
687 1454 956 1516 ingemfilienrissime,
970 1454 1040 1513 linit,
1052 1451 1106 1500 Hoc
1116 1455 1192 1514 ignis3

200 1517 267 1580 gnoti
282 1516 353 1576 obest,
366 1517 421 1579 jam
430 1518 537 1578 sepelivit
552 1533 622 1580 agno.
656 1518 771 1565 Ceterum
783 1519 812 1565 de
822 1518 964 1580 antiquitate
975 1518 1049 1580 hujus
1060 1517 1191 1580 Epigram-

200 1582 272 1630 metis
291 1582 364 1630 etiam
382 1583 490 1630 dubitare
507 1581 836 1640 videturce1.D’0rvillius,
856 1583 883 1630 in
894 1582 1000 1632 Miscell.
1014 1583 1114 1630 Obserr.
1127 1580 1191 1630 Nor.

200 1646 257 1694 Vol.
270 1647 292 1694 I.
303 1647 373 1695 Tom.
386 1646 437 1694 III.
448 1662 502 1710 pag.
516 1648 570 1704 151,
587 1653 612 1696 et
624 1648 730 1706 Bouana,
741 1648 796 1695 Vol.
808 1648 846 1695 ΙΙ.
857 1663 881 1710 p.
894 1648 948 1695 264.
984 1648 1031 1695 Sed
1042 1647 1098 1709 quia
1110 1653 1192 1694 nmen

200 1712 290 1774 legitur
305 1712 331 1759 in
351 1711 427 1759 Codd.
447 1711 520 1759 MSS.
541 1711 583 1774 qni
600 1712 661 1760 forte
680 1714 822 1761 vetustiores
841 1719 898 1761 sunt
915 1713 958 1760 illo
977 1722 1092 1775 tempore,
1113 1727 1161 1774 quo
1178 1727 1193 1758 s

200 1775 332 1828 recentiore
352 1779 423 1838 potita
438 1785 494 1839 post
511 1777 648 1825 Petrarchae
667 1779 810 1840 temporahi
822 1793 905 1826 versus
922 1779 1034 1840 componi
1052 1782 1192 1840 potuerunt,

200 1843 265 1889 inter
282 1842 381 1904 antiquo
397 1840 479 1888 locum
498 1857 570 1890 suum
586 1842 656 1890 facile
675 1843 738 1890 tueri
754 1850 862 1906 possunt,
885 1843 972 1906 quibus
994 1843 1068 1892 etiam
1089 1841 1193 1890 inseritit

202 1907 322 1960 Labbaeus
334 1906 407 1953 Thes.
418 1906 484 1968 Epit.
495 1913 542 1954 vet.
559 1907 587 1956 P.
601 1908 621 1954 Ι.
639 1923 662 1970 p.
674 1907 858 1957 rs-BURM.

235 1973 257 2020 1.
275 1971 308 2018 In
320 1969 414 2033 Hebro]
433 1970 530 2019 Hebrus
550 1979 588 2020 est
604 1972 696 2020 flumen
714 1973 850 2022 maximum
867 1972 984 2031 Threcia,
1002 1972 1031 2020 de
1049 1986 1097 2034 quo
1114 1970 1194 2019 mults

202 2035 301 2098 collegit
312 2035 430 2083 Cellarius
443 2037 531 2098 Geogr.
544 2037 627 2100 Autiq.
638 2038 709 2086 notit.
727 2039 781 2086 libr.
794 2038 831 2086 ΙΙ.
849 2054 871 2087 c.
885 2040 923 2096 15,
941 2053 998 2101 pag.
1012 2035 1194 2094 loon-scri.

201 2102 335 2149 —Dnm
352 2101 441 2149 inderet
461 2099 555 2163 Hebro]
574 2101 639 2150 Dnm
657 2103 718 2151 ledit
733 2106 759 2150 in
778 2102 858 2150 Hebro
868 2104 894 2150 in
905 2119 927 2150 r.
940 2119 961 2151 c.
973 2103 1040 2150 Med.
1051 2109 1077 2150 et
1087 2100 1194 2160 Moroni,

202 2166 266 2214 utin
279 2166 407 2225 Abstemii,
426 2172 451 2214 et
466 2173 568 2229 utreque
587 2166 645 2215 Aldi
664 2168 776 2217 editione.
795 2168 865 2216 etsie
877 2168 940 2230 apud
958 2167 1091 2216 Bartholin.
1104 2166 1194 2228 Scalig.

202 2231 317 2294 aliosque.
339 2233 437 2278 astricto
456 2233 530 2293 glatie
550 2232 614 2279 niele
637 2233 700 2295 opud
725 2233 842 2290 Gudinm,
867 2240 893 2280 et
914 2233 1048 2281 Bonsdom.
1069 2233 1195 2280 adstrictus

202 2295 300 2344 Hebrus
310 2294 440 2357 eleganter,
456 2303 484 2344 ut
494 2297 558 2358 apud
575 2296 710 2354 Lucanum,
731 2295 786 2345 Lib.
798 2297 821 2346 Ι.
837 2312 859 2346 v.
873 2300 915 2345 18:
934 2296 1066 2359 Adstringit
1083 2295 1194 2359 Scytbico

199 2362 421 2423 gbicialemfrigore
427 2365 535 2423 pontem.
569 2361 639 2409 oue.
651 2361 702 2409 ΙΙΙ.
713 2362 785 2410 Trist.
796 2364 820 2420 4,
831 2365 862 2410 48
872 2381 878 2410 ι
895 2363 1005 2410 adstricto
1018 2366 1081 2409 terre
1097 2365 1195 2424 perusta

201 2427 265 2487 geln.
298 2425 353 2473 Vid.
365 2426 450 2474 Heius.
462 2426 491 2474 sd
505 2425 631 2475 claudian.
643 2427 679 2475 11.
692 2427 721 2474 de
734 2427 765 2474 R.
777 2427 806 2474 P.
819 2427 888 2488 praet'.
899 2443 921 2476 r.
935 2429 980 2474 18:
999 2425 1107 2474 Hebrum
1117 2425 1195 2473 nivali

203 2492 310 2552 compede
319 2493 423 2538 vinctum
433 2497 502 2538 vocnt
514 2491 597 2539 Horat.
610 2492 666 2539 Lib.
678 2491 699 2539 Ι.
712 2492 791 2555 Epist.
804 2493 827 2549 3,
840 2494 863 2549 3,
874 2497 898 2540 et
910 2491 985 2539 Hebri
992 2490 1109 2554 perficiem
1119 2487 1196 2552 glacie

195 2557 290 2617 flumen
302 2556 388 2604 Florus
400 2556 453 2604 Lib.
468 2555 517 2604 ΙΙΙ.
529 2560 552 2614 4,
564 2558 575 2615 §
588 2559 610 2603 5.
644 2556 684 2604 Sic
702 2557 785 2604 bomne
801 2557 856 2618 gelo
873 2556 987 2604 adstricto
1003 2562 1068 2604 recte
1086 2555 1116 2602 ab
1134 2553 1194 2601 Aoi·

204 2620 268 2669 dslio
279 2621 389 2668 restituta
399 2627 436 2668 est
447 2620 539 2680 Curtio,
558 2621 613 2669 Lib.
626 2620 679 2669 III.
693 2623 730 2681 13,
743 2621 766 2678 7,
784 2630 812 2668 ut
822 2621 876 2670 Lib.
887 2621 965 2670 VIII.
976 2622 999 2679 4,
1011 2619 1034 2677 i,
1052 2633 1196 2683 quemqnam

203 2685 301 2734 imbrem
317 2688 352 2732 ris
361 2687 463 2748 frigoris
479 2691 582 2733 concreto
596 2683 651 2748 gelu
662 2686 812 2735 alstrirerat.
845 2685 911 2733 Hine
922 2687 986 2748 apud
997 2684 1112 2733 Prudent.
1125 2682 1195 2747 praef.

204 2751 258 2798 Lib.
272 2750 294 2797 I.
305 2751 396 2799 advers.
408 2751 547 2814 Symmaeh.
560 2767 583 2799 v.
597 2754 634 2809 14,
646 2751 792 2813 legendum:
809 2749 962 2814 Ecpenitque
973 2751 1022 2798 solo
1032 2749 1108 2798 litoris
1118 2747 1195 2795 invidi

208 2815 353 2864 Constrictae
376 2817 458 2878 pluvio
481 2815 576 2879 frigore
595 2819 701 2879 remiges.
740 2816 787 2864 Pro
817 2815 961 2877 contractos,
987 2814 1060 2864 utin
1081 2812 1195 2876 vulgetis.

205 2880 279 2930 Quod
291 2887 315 2929 et
326 2880 352 2928 in
362 2897 416 2930 meo
426 2881 594 2943 antiquissimo
608 2882 667 2930 Con
678 2881 839 2944 Egmondsno
855 2881 952 2944 legitur.
985 2880 1058 2929 Unde
1074 2883 1195 2928 contactos

208 2945 333 2994 Heinsius.
378 2946 425 2994 Sed
445 2947 556 2994 homines
578 2962 647 3009 aeque
669 2947 756 3010 frigore
778 2949 905 3010 cermtringi
927 2947 1047 3004 dicontur,
1071 2960 1100 2993 ac
1121 2949 1194 3000 terro,

204 3009 295 3069 bemus,
313 3011 395 3073 florii.
419 3011 496 3074 glaeie
517 3015 714 3074 constringentur.
748 3011 855 3071 Curtius,
878 3011 932 3061 Lib.
952 3010 1013 3060 v11.
1035 3025 1088 3073 eap.
1105 3010 1129 3068 3,
1147 3009 1195 3056 13:

205 3075 300 3122 Multos
309 3079 454 3124 exanimavit
462 3079 527 3137 rigor
537 3077 646 3124 insolitus
655 3080 724 3126 nivis.
761 3077 891 3126 Multorum
910 3077 1000 3126 obresit
1014 3077 1092 3140 peiles.
1125 3073 1195 3122 Feti-

203 3142 255 3202 gnti
266 3143 351 3203 quippe
361 3143 387 3188 in
397 3144 447 3202 ipso
459 3142 514 3202 gelu
525 3141 657 3203 deficientia
674 3157 774 3205 corpore
790 3141 928 3203 sternebant,
950 3158 1000 3206 gne
1017 3157 1090 3205 guum
1108 3137 1196 3187 moveri

202 3205 323 3266 benissent,
341 3209 377 3254 ris
386 3208 488 3267 frigoris
500 3210 535 3254 itu
546 3206 710 3269 adstringebat,
728 3214 755 3255 nt
764 3223 845 3256 rursm
855 3209 887 3256 acl
896 3208 1037 3270 surgendum
1047 3207 1135 3254 conrii
1146 3218 1195 3252 non

200 3275 302 3332 possem.
337 3269 407 3319 Ouid.
419 3271 499 3333 Epist.
509 3285 550 3318 xv.
563 3274 622 3320 1122
641 3273 786 3321 Adstrictum
794 3273 871 3334 gelido
877 3273 970 3336 frigore
978 3278 1058 3336 pectus
1070 3275 1129 3318 erat.
1162 3268 1194 3317 Id

206 3341 250 3393 est,
262 3334 397 3400 παγνώθη.
431 3336 497 3384 Nam
507 3337 591 3385 eodem
601 3337 673 3386 modo
686 3339 767 3386 Graeei
780 3339 825 3386 hoo
835 3339 906 3386 verbo
917 3345 1026 3386 utuntur.
1060 3336 1097 3384 Ut
1106 3332 1194 3396 Enrip.

205 3399 306 3464 Hippol.
328 3403 389 3449 803:
414 3398 492 3466 Abrg
514 3401 688 3467 παγνωθεῖσα.
704 3401 782 3451 dolore
793 3404 914 3451 adstricta.
947 3401 1093 3465 Apollonius
1111 3398 1194 3447 Rhod.

206 3463 251 3512 IV.
275 3465 352 3517 1279:
378 3463 406 3514 ἓν
423 3463 497 3534 δ’ἅρα
519 3469 584 3517 πᾶσι
604 3466 733 3533 Παγνώθη
753 3464 851 3534 κραδίη.
894 3468 944 3515 Ubi
964 3467 1013 3515 vid.
1033 3465 1194 3514 Scholiast—

206 3527 457 3580 suum—men
467 3536 494 3580 in
504 3532 597 3596 Hebro]
616 3533 670 3582 Ms.
682 3535 770 3583 luderet
786 3533 866 3582 Hebro
875 3530 1128 3595 nugs-MEYER.

238 3596 261 3643 2.
278 3595 378 3658 Frigore
396 3605 514 3648 concretes
530 3599 633 3664 pondere
651 3602 716 3662 rupit
734 3597 821 3663 egnes]
847 3599 953 3646 Pondere
970 3603 1088 3647 cornretes
1100 3595 1194 3656 firges

206 3659 282 3708 edidit
301 3661 388 3710 Aldus.
420 3661 520 3726 Frigore
534 3668 647 3727 frmetas
670 3664 773 3714 Binetus
793 3671 817 3713 et
839 3664 965 3712 Freherus.
998 3662 1076 3724 quue
1097 3660 1195 3723 praefert

208 3724 326 3774 ceresio
338 3726 407 3790 Virg.
419 3727 470 3776 (1.1.
484 3731 526 3778 sed
536 3731 606 3779 mele.
640 3730 679 3778 Ito
697 3730 762 3778 enirn
781 3729 845 3792 opud
864 3728 934 3777 Ovid.
945 3727 999 3777 111.
1016 3728 1088 3776 Trici.
1103 3728 1141 3784 10,
1153 3726 1193 3782 32,

206 3804 281 3851 quem
301 3791 383 3839 locum
401 3800 484 3842 auctor
504 3795 578 3860 hujus
600 3795 789 3859 Epigrammstis
808 3795 917 3843 imitatus
938 3800 989 3841 est:
1015 3792 1113 3855 Quoque
1131 3796 1195 3839 rates

205 3857 290 3915 ieram,
306 3856 404 3918 pedibus
421 3873 484 3907 nune
501 3862 556 3920 itnr,
574 3866 597 3908 et
607 3861 683 3908 endas
701 3860 800 3923 Frigore
811 3858 1028 3921 concretosnngnle
1038 3858 1193 3920 pnlsetegri.

209 3919 249 3967 Sic
266 3921 292 3968 in
310 3920 492 3985 Epigrammate
508 3926 539 3973 sd
558 3926 659 3983 lulium,
679 3926 744 3988 quod
763 3925 827 3978 edidi
845 3925 913 3973 Tom.
931 3923 952 3972 I.
975 3938 999 3986 p.
1016 3922 1078 3970 650:
1094 3921 1193 3984 Frigore

204 3992 313 4034 corneto
321 3990 343 4034 si
354 3989 411 4036 letet
421 3991 483 4050 ignis
492 4005 564 4054 agno.
598 3991 629 4038 In
639 3991 724 4054 Epigr.
736 3989 880 4040 Maximiani
891 3990 920 4037 de
931 4004 1001 4036 smne
1013 3987 1091 4049 glacie
1101 3986 1194 4042 duroto,

204 4050 269 4112 opud
281 4051 414 4113 Pithoeum,
427 4053 483 4106 Lib.
494 4054 539 4106 lv.
558 4072 582 4120 p.
597 4057 657 4105 164:
678 4056 711 4104 Ut
720 4062 826 4106 concrete
834 4056 889 4118 gele
898 4054 1022 4104 marmoris
1031 4054 1109 4155 imtpr
1117 4051 1193 4100 babet.
