2868 4848
355 1237 674 1321 PRAEFATIO
711 1235 1009 1320 EDITORIS.

601 1557 773 1595 ...o-.-

188 1868 244 1932 Da
259 1867 329 1944 hac,
345 1887 419 1951 quae
441 1887 526 1929 nunc
541 1863 659 1948 prodit,
685 1863 871 1928 Germanici
886 1862 1037 1942 editione,
1054 1885 1117 1928 non
1134 1876 1184 1929 est

185 1976 244 2026 cur
257 1953 360 2016 multa
375 1953 487 2016 dicam.
545 1939 586 2014 Id
608 1949 686 2014 mihi
701 1951 898 2036 propositum
914 1950 987 2028 fuit,
1012 1960 1051 2014 ut
1065 1950 1183 2029 omnia,

188 2063 262 2124 quae
277 2039 389 2104 lectori
411 2037 504 2102 utilia
527 2037 645 2114 forent,
671 2037 705 2100 in
727 2060 829 2101 unum
855 2059 970 2120 corpus
996 2037 1182 2120 redigerem.

189 2125 359 2202 Quocirca,
374 2135 493 2209 praeter
507 2134 598 2189 notas
616 2123 813 2202 Schwartzii,
829 2146 909 2208 quas
926 2145 1036 2188 omnes
1049 2122 1185 2187 retinui·

187 2235 270 2289 mus,
298 2223 427 2276 secutus
456 2232 528 2274 sum
559 2231 673 2274 novam
699 2221 811 2274 textus
839 2210 1056 2274 recensionem
1086 2231 1184 2294 qnam

189 2297 331 2363 Orellius
354 2318 458 2382 nuper
484 2294 621 2360 Phaedro
645 2318 703 2360 suo
727 2295 888 2382 adjunxit.
935 2295 1039 2365 Notas
1054 2317 1185 2380 quoque

190 2383 370 2449 Orellianas
384 2405 494 2447 omnes
505 2381 633 2462 servavi,
644 2382 838 2467 quofactum
850 2393 900 2446 est
911 2393 950 2445 ut
961 2381 1077 2460 omnia,
1094 2403 1185 2468 quae·

189 2492 316 2555 cunque
330 2470 365 2533 in
381 2469 505 2534 duabus
528 2468 598 2531 istis
622 2467 816 2532 editionibus
838 2468 971 2553 reperiri
985 2479 1126 2552 possent,
1149 2468 1185 2531 in

187 2555 333 2620 libellum
348 2577 457 2619 meum
471 2554 650 2637 migrbrint.
697 2552 822 2618 Praeter
836 2552 976 2638 genuina
999 2553 1185 2618 Germanici

189 2665 296 2726 opera,
323 2641 531 2726 adjunximus
545 2640 652 2718 etiarn,
679 2663 723 2704 ex
745 2640 886 2704 editione
902 2639 997 2704 Arati
1013 2639 1185 2718 Buhliana,

192 2729 320 2793 Scholia
339 2739 458 2804 vetera,
482 2748 556 2812 quae
576 2726 652 2790 olim
667 2749 686 2790 a
701 2727 891 2811 quibusdam
915 2726 1109 2792 Germanico
1124 2726 1186 2810 ipsi

189 2815 359 2898 adscripta,
385 2813 500 2877 merito
522 2812 663 2890 tandem,
694 2813 814 2896 quippe
840 2834 915 2899 quse
937 2811 1099 2877 humiliori
1121 2811 1187 2876 sint

190 2901 286 2986 stylo,
309 2923 407 2984 quam
429 2909 467 2963 nt
492 2899 552 2962 aevi
574 2897 718 2981 Augusti
740 2898 845 2983 proles
859 2899 934 2976 sint,
957 2897 1186 2964 aGermanico

190 2987 425 3072 abjudicantur.
469 2984 540 3049 Nec
555 2995 663 3049 tamen
678 2985 808 3048 omnino
822 2985 950 3049 inutilia
964 3008 1002 3049 ea
1023 3007 1091 3048 esse
1112 3007 1187 3050 cen·

190 3073 253 3136 seri
266 3083 412 3157 possunt,
438 3094 512 3136 cum
526 3071 619 3156 plura
633 3070 783 3149 habeant,
811 3092 885 3156 quae
906 3071 945 3135 de
971 3070 1187 3156 scriptoribus

192 3159 365 3246 deperditis
380 3158 458 3222 scire
482 3180 555 3257 non·
563 3157 783 3240 dedignemur.
831 3156 896 3222 Sed
910 3159 949 3223 de
964 3157 1033 3221 istis
1052 3156 1187 3222 Scholiis

190 3243 759 3413 1ps‘l‘lllld11'3didllhbbnclSdlidlidl{phimum
775 3327 835 3392 sub
857 3329 986 3394 nomine
1009 3333 1189 3396 Commenti

192 3422 230 3483 in
245 3420 361 3482 Sicilia
375 3420 495 3502 reperta
509 3437 660 3480 unacum
671 3415 787 3478 Avieni
799 3415 928 3479 Arateis
943 3427 977 3479 et
990 3415 1060 3480 aliis
1074 3414 1189 3480 Victor

194 3502 341 3583 Pisanus,
355 3501 475 3567 Venet.
500 3502 594 3580 1488,
608 3501 642 3564 4.
663 3512 735 3586 post
758 3501 897 3585 repetita
918 3502 1055 3566 suntab
1082 3501 1187 3580 Ald0;

193 3589 307 3653 deinde
321 3589 356 3652 in
372 3589 448 3653 edit.
464 3587 666 3667 Morelliana,
691 3588 725 3650 in
743 3586 927 3652 Coloniensi
942 3587 1052 3671 (1569,
1067 3588 1132 3666 fol.)
1155 3600 1189 3652 et

194 3675 229 3739 in
235 3671 726 3756 SanctandreanaHeidelbergae
735 3674 868 3751 1589,8.
881 3674 1058 3739 Grotiusea
1066 3675 1100 3738 in
1110 3673 1191 3758 Syn-

194 3773 301 3844 tagma
315 3784 410 3825 suum
426 3761 619 3825 Arateorum
630 3782 695 3822 non
706 3760 843 3826 admisit.
882 3760 1047 3824 Redhibui
1063 3760 1191 3824 Scholia

193 3848 255 3912 ista
277 3847 364 3911 haud
386 3858 511 3912 mutata
525 3847 575 3911 vel
590 3846 767 3923 emendata,
784 3846 847 3910 nisi
859 3848 946 3931 quod
961 3870 998 3910 ea
1012 3845 1126 3910 melius
1140 3847 1190 3910 in-

194 3934 346 4018 terpungi
361 3934 484 4010 curavi3
508 3932 603 3996 nimis
627 3933 713 3996 enim
735 3932 869 3996 barbare
894 3945 927 3996 et
945 3933 1057 3997 vitiose
1072 3934 1191 4017 scripta

196 4031 281 4098 sunt,
305 4042 401 4107 quam
413 4031 450 4084 ut
462 4041 568 4104 operae
580 4019 719 4103 pretium
731 4019 843 4083 fuisset
853 4042 963 4084 eorum
973 4019 1190 4084 emendationi

1015 4127 1033 4163 a
1050 4108 1070 4164 2
