2868 4848
229 571 273 636 60
653 587 808 632 serronra.

228 729 305 794 licet
327 737 433 815 pacto,
460 727 547 878 quod
573 727 766 794 detrimenta
784 736 819 793 at
838 735 1012 812 augmenta
1034 749 1100 792 non
1123 727 1227 794 solum

230 827 326 894 terra,
352 814 408 880 sed
423 825 457 879 et
483 838 505 879 a¹
525 814 593 880 ides
615 814 666 879 vel
688 815 817 879 cerebra
836 813 1059 892 animantium,
1083 824 1118 878 et
1139 815 1228 899 quod

229 901 331 985 magis
351 837 537 966 incredibile
551 900 605 979 sit,
620 901 717 966 etiam
731 899 895 965 lactamina
914 899 1071 979 sentiunt,
1095 921 1170 986 quae
1192 901 1228 964 in

231 986 337 1054 Lunae
352 987 556 1052 incrementis
571 987 674 1072 ejecta
685 985 871 1052 vermiculos
882 986 1072 1072 parturiant.
1117 985 1227 1071 Ipsam

232 1072 372 1140 Dianam
402 1083 504 1138 ortam
531 1072 716 1138 nemoribus
744 1071 867 1152 volunt,
890 1071 986 1136 simili
1008 1073 1114 1152 modo,
1139 1073 1227 1157 quod

231 1160 381 1226 arborum
394 1182 429 1224 ac
440 1159 593 1224 fruticum
603 1181 695 1224 succo
707 1169 880 1244 augmenta
890 1158 1028 1223 inducat.
1073 1157 1227 1244 Denique

230 1246 400 1312 crementis
417 1244 521 1311 Lunae
537 1245 674 1310 abscissa
688 1245 776 1329 ligna
789 1245 977 1310 firrfuraceis
997 1245 1158 1310 tinearum
1178 1257 1227 1308 te-

229 1330 688 1397 rebraminibuslistulascunt.
716 1325 1227 1417 ‘Nemoribusquoqucadesscdi-

230 1417 324 1496 citur,
350 1418 436 1518 quod
463 1418 566 1482 omnis
592 1417 718 1482 venatio
742 1417 816 1503 plus
841 1427 935 1481 nocte
961 1439 1058 1504 qnam
1081 1417 1134 1481 die
1157 1417 1225 1482 fiat.

229 1501 466 1589 Endymioncm
476 1526 550 1568 vero
562 1514 722 1589 pastorem
738 1503 860 1569 amasse
875 1503 1003 1581 dicitur,
1024 1502 1122 1588 duplo
1142 1503 1226 1568 scili·

230 1601 281 1654 cet
293 1589 406 1655 modo:
430 1612 487 1655 seu
499 1590 583 1676 quod
596 1589 718 1674 primus
726 1588 893 1654 hominum
902 1587 1086 1674 Endymion
1094 1612 1226 1654 cursum

230 1675 335 1741 Lunae
350 1677 519 1754 invenerit,
531 1676 616 1740 unde
626 1684 659 1740 et
670 1676 802 1760 triginta
810 1697 911 1740 annos
922 1676 1075 1741 dormisse
1088 1675 1225 1754 dicitur;

230 1762 307 1862 quia
321 1762 402 1826 nihil
416 1762 504 1827 aliud
518 1762 552 1826 in
567 1762 632 1826 vita
646 1785 715 1840 sua,
730 1761 794 1826 nisi
807 1761 883 1826 huic
898 1761 1071 1846 repertioni
1087 1761 1224 1840 studuit,

231 1847 472 1912 srcutMnaseas
484 1849 517 1912 in
526 1849 630 1933 primo
640 1848 723 1912 libro
735 1848 773 1912 de
783 1847 917 1932 Europa
925 1848 1065 1912 scribens
1077 1848 1223 1913 tradidit:

230 1935 295 2000 sive
310 1935 396 2019 quod
411 1934 646 2035 Endymiouem
662 1933 784 2000 ambsse
798 1934 912 2012 fertur,
928 1935 1005 2020 quia
1013 1934 1164 1998 nocturni
1175 1957 1228 1999 ro·

229 2020 272 2084 ris
292 2019 418 2098 humor,
440 2043 497 2105 qur
520 2031 571 2085 est
594 2020 746 2098 siderum,
769 2019 889 2106 quique
910 2020 1010 2106 ipsius
1031 2018 1136 2085 Lunae
1157 2021 1226 2085 ani-

229 2107 353 2170 mandis
368 2107 538 2171 herbarum
554 2107 654 2172 succis
666 2107 845 2184 insudetur,
862 2118 896 2169 et
903 2106 1115 2191 pastoralibus
1123 2107 1226 2191 prosit

230 2192 435 2258 successibus.
482 2192 644 2258 Praetcrea
654 2193 744 2276 signa.
756 2193 956 2277 tempestatis
967 2193 1017 2256 vel
1027 2204 1062 2257 ct
1072 2193 1226 2257 serenita-

229 2278 271 2342 tis
286 2278 320 2341 in
336 2301 374 2342 ea
388 2279 486 2342 videri
502 2301 594 2364 posse
610 2279 735 2365 antiqui
750 2278 916 2343 dixerunt.
962 2276 1114 2362 Nigidius
1128 2278 1185 2356 ait,
1197 2278 1225 2344 si

228 2362 324 2428 Luna
342 2365 377 2428 in
398 2387 521 2428 summo
537 2365 655 2429 circulo
670 2365 808 2429 maculas
823 2365 929 2449 nigras
943 2363 1094 2429 habuerit
1108 2364 1143 2428 in
1158 2365 1224 2448 pri·

228 2449 289 2514 mis
312 2451 458 2535 partibus
481 2451 609 2529 mensis,
634 2451 752 2516 imbres
774 2451 901 2514 futuros
920 2450 1088 2534 significat.
1134 2448 1224 2515 siin

228 2536 345 2613 medio,
363 2548 439 2601 tunc
454 2560 527 2601 cum
542 2537 637 2621 plena
652 2538 717 2600 sint
729 2537 763 2600 in
775 2559 813 2600 eo
822 2536 993 2614 cornicula,
1005 2537 1222 2602 serenitatem.

229 2621 392 2689 Caeterum
414 2623 441 2686 si
457 2624 553 2687 rubet
579 2623 669 2708 quasi
694 2645 819 2700 aurum,
843 2633 954 2686 ventos
976 2622 1125 2686 ostendit.
1170 2622 1225 2687 Fit

228 2708 314 2773 euim
329 2720 443 2773 ventus
459 2731 502 2772 ex
517 2709 597 2775 aeris
612 2709 780 2786 densitate,
796 2730 860 2794 qua
874 2709 1003 2774 obducti
1020 2708 1076 2772 Sol
1087 2718 1121 2772 ct
1129 2705 1226 2773 Luna

227 2796 402 2860 rubescunt
415 2820 423 2872 3
446 2795 524 2858 item
537 2795 563 2858 si
574 2817 693 2859 cornua
703 2795 773 2880 ejus
785 2795 996 2860 tetrafuerint
1004 2794 1133 2872 nebula,
1144 2804 1225 2858 tem-

226 2891 335 2966 pestas
349 2881 459 2945 futura
474 2891 533 2946 est.
579 2881 701 2944 Aratus
726 2891 836 2945 autem
859 2881 946 2958 dicit,
968 2879 1004 2946 Si
1024 2880 1222 2966 aquilonium

227 2989 327 3031 cornu
340 2967 444 3031 Lunae
460 2979 509 3032 cst
523 2967 710 3052 porrectius,
728 2967 925 3052 aquilonium
937 2966 1114 3031 imminere.
1138 2965 1224 3030 Item

227 3053 255 3117 si
270 3074 369 3116 cornu
384 3052 521 3117 australe
533 3053 574 3116 sit
589 3053 735 3130 erectius,
746 3063 860 3116 notum
871 3053 1049 3117 imminere.
1096 3051 1224 3118 Quarta

226 3149 335 3203 autem
345 3138 1223 3206 Lunaindexfuturarumcertissimahabeturaurarum.

228 3223 325 3289 Unde
342 3234 375 3290 ct
390 3224 565 3308 Vergilius,
582 3228 622 3291 Si
636 3230 673 3290 ira
688 3235 762 3291 orta
780 3235 919 3311 quareo:
944 3248 1087 3312 mamque
1106 3229 1135 3290 is
1155 3247 1224 3291 cea-

228 3314 376 3376 tissa‘mas
389 3320 516 3376 auctor.

270 3397 303 3460 A
318 3396 441 3462 Bruma
455 3397 489 3461 in
506 3396 682 3461 Favonium
698 3393 820 3462 Caesari
835 3396 955 3461 nobilia
970 3396 1083 3474 sidera,
1102 3395 1224 3481 signifi-

224 3493 310 3547 cant.
335 3482 404 3548 III.
421 3483 478 3549 cal.
495 3483 661 3548 Januarias
675 3484 834 3548 matutino
851 3482 949 3548 Canis
969 3483 1126 3561 occidens,
1157 3504 1222 3568 quo

225 3569 277 3633 dic
292 3568 412 3633 Atticae
428 3581 462 3634 et
475 3569 619 3634 finitimis
642 3569 827 3653 regionibus
851 3568 972 3655 Aquila
992 3591 1121 3654 vespere
1142 3568 1223 3632 occi·

225 3654 300 3719 dere
311 3655 458 3720 traditur.
505 3653 612 3720 Pridie
621 3677 720 3719 nonas
733 3655 754 3718 J
755 3656 901 3720 anuarias
914 3655 1034 3719 Caesari
1040 3654 1222 3740 Delphinus

224 3741 385 3805 matutino
400 3741 558 3818 exoritur,
575 3752 609 3805 et
623 3752 752 3827 postero
767 3742 912 3806 exoritur
927 3740 1081 3819 Fidicula,
1092 3740 1221 3827 quando

225 3824 352 3912 Sagitta
363 3828 487 3912 vesperi
498 3828 623 3892 occidit.
668 3825 873 3914 Itemquinto
881 3828 953 3892 idus
962 3827 1129 3892 Januarias
1138 3828 1223 3912 ejus·

224 3913 297 3977 dem
313 3913 469 3999 Delphini
478 3914 678 3999 vespertinus
690 3936 817 3978 occasus
830 3926 862 3979 et
873 3914 1017 3978 continui
1030 3914 1097 3978 dies
1107 3913 1222 3977 hiemis

217 3998 341 4076 Italiae,
366 4022 439 4064 cum
466 3999 522 4066 Sol
537 4001 571 4064 in
588 4000 771 4086 Aquarium
797 4001 936 4064 sentitur
962 4000 1107 4077 transire,
1134 3999 1222 4084 quod

221 4085 288 4150 fere
304 4085 445 4154 XVIII.
461 4087 519 4152 cal.
533 4086 628 4152 Febr.
642 4088 758 4152 evenit.
783 4086 887 4153 VIII.
900 4086 994 4152 Febr.
1009 4085 1114 4170 Regia
1126 4084 1220 4150 stella
