2868 4848
227 585 271 651 52
646 601 805 653 senonia.

226 747 260 811 in
275 745 386 832 lingua
402 767 509 826 unam,
532 768 627 832 quam
650 747 769 812 Sirium
786 745 835 812 vel
858 745 978 812 Canem
998 756 1122 825 vocant,
1150 752 1226 833 quae'

226 853 342 916 magna
355 845 404 898 est
419 845 452 898 et
463 834 639 918 splendida,
651 835 686 898 in
695 833 776 898 collo
786 833 876 912 duas,
889 833 924 896 in
935 833 1069 916 singulis
1079 834 1224 898 humeris

226 919 367 1004 singulas
390 919 549 998 obscuras,
566 921 600 984 in
640 931 745 984 ectore
770 920 869 984 claras
893 919 982 999 duas,
1005 919 1040 983 in
1063 921 1224 985 anteriore

225 1007 307 1090 pede
324 1005 452 1070 sinistro
467 1016 541 1084 tres,
557 1007 590 1070 in
606 943 723 1070 (listro
742 1028 839 1070 unam
865 1005 991 1083 claram,
1016 1005 1051 1068 in
1075 1016 1223 1070 extremo

226 1113 323 1176 supra
346 1091 474 1156 dorsum
499 1103 574 1170 tres,
599 1092 632 1156 in
657 1102 767 1156 ventre
788 1091 879 1168 duas,
899 1091 933 1154 in
954 1090 1082 1155 sinistro
1102 1091 1222 1156 femore

225 1199 334 1256 unam,
355 1177 388 1240 in
410 1177 579 1262 posteriori
598 1176 681 1263 pede
701 1177 830 1242 sinistro
850 1199 959 1253 unam,
980 1177 1015 1240 in
1037 1177 1223 1241 summitate

224 1264 335 1328 caudae
346 1285 452 1329 unam.
498 1263 598 1328 Fiunt
609 1285 720 1328 omnes
731 1263 816 1329 XX.
863 1262 971 1326 Situm
983 1273 1091 1326 autem
1102 1274 1151 1327 est
1161 1264 1222 1328 hoc

225 1350 353 1432 signum
367 1350 451 1413 inter
465 1348 634 1416 hiemalem
649 1349 818 1434 tropicum,
841 1361 874 1414 et
889 1349 1040 1413 arcticum
1061 1349 1224 1414 subterra·

224 1457 334 1513 neum,
351 1435 407 1520 qui
423 1435 581 1500 Australis
595 1447 735 1501 vocatur.

269 1521 378 1605 Lepus
394 1522 454 1586 sub
469 1521 606 1606 pedibus
622 1521 797 1586 Antecanis
818 1531 852 1586 et
874 1521 1003 1585 Orionis
1026 1519 1223 1585 constitutus

224 1618 283 1672 est.
331 1606 395 1671 Hic
411 1607 527 1672 dieitur
544 1607 672 1672 Orionis
688 1629 799 1672 canem
810 1607 921 1691 fugere
933 1607 1087 1672 venantis.
1134 1606 1222 1671 Nam

225 1702 263 1757 ut
277 1705 459 1757 venatorem
475 1715 549 1758 eum
565 1693 731 1758 finxerunt
746 1694 903 1777 aliquado
919 1715 1023 1770 causa,
1040 1693 1086 1757 ita
1101 1691 1223 1777 Lepor-

224 1802 275 1843 em
293 1778 377 1844 eiad
393 1780 490 1863 pedes
509 1779 687 1863 fugientem
708 1779 885 1844 finxerunt.
933 1778 1075 1846 Quidam
1100 1791 1223 1862 negant

224 1875 290 1928 tem
306 1865 446 1929 nobilem
461 1876 592 1951 tamque
614 1888 766 1949 magnum
786 1876 981 1942 venatorem,
1002 1866 1041 1929 de
1062 1885 1126 1949 quo
1146 1877 1222 1929 ante

223 1951 258 2014 in
276 1949 451 2037 Scorpione
472 1951 563 2035 signo
584 1952 735 2029 diximus,
757 1963 790 2016 et
809 1961 921 2035 postea
941 1952 976 2014 in
999 1951 1099 2036 ipsius
1118 1951 1223 2034 figura

224 2037 377 2116 dicemus,
392 2049 539 2122 oportere
552 2038 709 2122 Leporem
725 2038 844 2115 venari,
869 2037 1147 2121 Callimachusque
1168 2060 1220 2100 ac-

224 2134 314 2187 cusat
329 2147 414 2202 eum,
431 2124 599 2208 quodcum
612 2124 728 2188 Dianae
741 2124 893 2188 scriberet
904 2123 1026 2201 laudes,
1037 2146 1108 2186 eam
1116 2123 1223 2206 lepor·

223 2209 278 2272 ino
302 2210 457 2294 sanguine
471 2210 621 2293 gaudere,
638 2221 671 2275 et
687 2233 740 2274 eos
755 2209 863 2275 venari
885 2209 1015 2273 dixerit.
1062 2207 1223 2272 Nonnulli

223 2318 242 2358 a
258 2294 422 2360 Mercurio
437 2296 523 2360 inter
533 2308 618 2360 astra
629 2296 816 2361 collocatum
828 2295 939 2360 dicunt
948 2305 1081 2380 propter
1089 2295 1222 2360 nimiam

222 2381 434 2459 velocitatem,
451 2382 515 2446 sive
531 2383 618 2467 quod
633 2383 718 2446 inter
733 2380 955 2467 quadrupedes
970 2382 1042 2466 plus
1058 2381 1172 2465 pariat,
1189 2393 1224 2446 et

225 2468 379 2550 quosdam
399 2468 500 2532 foetus
521 2469 635 2552 pariat,
652 2468 807 2553 quosdam
821 2490 895 2531 vero
909 2468 944 2530 in
958 2479 1068 2542 ventre
1088 2467 1219 2545 habeat,

224 2553 308 2617 sicut
321 2552 510 2618 Aristoteles
524 2554 732 2639 philosophus
747 2555 803 2632 ait,
820 2553 876 2638 qui
892 2554 931 2617 de
947 2552 1133 2618 animalium
1144 2555 1222 2618 rati-

223 2661 284 2702 one
306 2640 466 2704 disseruit.
513 2640 706 2726 Antiquitas
730 2651 839 2705 autem
869 2640 1035 2704 dicebatur
1057 2639 1092 2702 in
1114 2639 1222 2704 insula

224 2724 308 2789 Lero
323 2727 447 2790 nullum
465 2725 622 2810 Leporem
640 2727 747 2804 fuisse,
764 2727 819 2790 sed
831 2748 873 2789 ex
884 2747 994 2789 eorum
1004 2725 1131 2789 civitate
1145 2726 1222 2789 ado-

223 2811 343 2876 lescens
360 2813 489 2897 quidam
504 2813 611 2877 studio
626 2813 752 2896 generis
768 2813 808 2876 ab
821 2812 942 2875 exteris
956 2813 1049 2876 terris
1060 2810 1220 2895 Leporem

221 2897 388 2962 foeminam
417 2899 581 2983 produxit,
607 2910 639 2963 et
664 2899 704 2963 ad
729 2901 797 2984 ejus
821 2908 951 2982 partum
979 2898 1221 2982 diligentissime

223 3006 297 3067 quae
313 3007 393 3068 opus
409 2995 516 3049 essent
531 2985 782 3063 administravit;
806 2985 915 3068 itaque
937 3007 1011 3048 oum
1030 2984 1220 3069 peperisset,

223 3082 256 3133 et
276 3071 455 3155 complures
479 3069 548 3157 eju's
574 3072 710 3136 civitatis
737 3072 775 3134 ad
801 3071 942 3134 studium
961 3070 1162 3146 intendisset,
1188 3081 1222 3134 et

221 3157 339 3240 partim
369 3158 486 3241 precio,
510 3159 628 3243 partim
652 3157 808 3221 beneficio
832 3157 964 3220 mercati
989 3166 1083 3233 esset,
1108 3178 1220 3220 omnes
1270 3217 1273 3221 .

222 3242 363 3327 Lepores
379 3242 463 3307 alere
479 3253 667 3327 coeperunt;
693 3244 900 3327 quibuscum
920 3242 1000 3306 nihil
1024 3241 1154 3306 daretur
1180 3243 1222 3306 ad

220 3329 490 3407 manducandum,
520 3330 644 3414 impetu
673 3329 757 3393 facto
781 3327 889 3393 omnia
912 3329 1129 3405 comederunt,
1154 3350 1221 3412 quo

221 3413 306 3478 sacto
320 3415 457 3480 insulam
472 3415 633 3480 calamitas
649 3415 774 3480 afflixit.
820 3415 938 3498 Itaque
952 3426 1064 3499 postea
1084 3413 1220 3498 Leporis

221 3499 358 3583 figuram
384 3502 477 3566 astris
503 3501 721 3580 contulerunt,
751 3511 790 3565 ut
815 3500 960 3565 homines
987 3499 1219 3578 meminissent,

221 3587 302 3650 nihil
313 3586 362 3650 his
375 3589 594 3672 exoptandum
606 3589 640 3652 in
649 3588 723 3665 vita,
731 3588 756 3651 si
765 3587 940 3650 insolenter
953 3596 1086 3650 utantur
1093 3585 1219 3664 laetitia,

222 3673 438 3758 quadolorem
453 3697 565 3758 capere
589 3674 747 3759 posterius
762 3683 927 3756 cogantur.
975 3672 1087 3736 Habet
1110 3682 1220 3736 autem

221 3759 338 3837 stellas,
354 3761 388 3824 in
404 3760 536 3844 singulis
552 3761 682 3824 aum'bus
697 3759 849 3842 singulas,
870 3759 905 3822 in
920 3772 1049 3844 pectore
1070 3758 1159 3835 duas,
1184 3757 1219 3821 in

221 3846 313 3909 dorso
333 3846 468 3910 nitidam
489 3868 598 3924 unam,
612 3846 647 3910 in
661 3845 891 3931 posterioribus
909 3846 1044 3931 pedibus
1068 3843 1217 3928 singulae.

222 3932 307 3997 Sunt
322 3943 430 3996 autem
446 3954 556 3996 omnes
568 3932 652 3997 VII.

264 4017 343 4080 Post
359 4015 457 4083 Canis
471 4019 570 4101 igitur
585 4018 691 4104 magni
707 4018 851 4095 caudam,
868 4016 1042 4080 secundum
1052 4013 1217 4079 stellarum

221 4104 363 4170 ordinem
383 4104 482 4170 Navis
504 4105 678 4170 constituta
702 4115 761 4182 est,
787 4126 883 4188 quam
908 4103 1038 4188 quidam
1061 4100 1217 4166 beneficio
