2902 4838
611 559 756 594 arruunrx.
1138 546 1185 594 cvii

189 683 280 734 occultu
290 692 333 746 est,
347 688 423 734 Greci
433 683 553 751 ὁρίζοντα
564 691 655 744 vocam,
672 688 746 734 nostri
757 686 882 748 finitorem
893 685 980 743 dinus
998 686 1042 732 olii
1050 685 1186 746 finientem.

190 749 343 814 suanensis
361 757 395 800 est
410 754 443 801 od
460 752 522 802 buna
540 751 685 800 merr'dionua
703 752 812 808 airardus,
831 753 872 813 qui
882 749 1008 798 Maroneia
1016 753 1086 798 rectis
1095 753 1190 813 onpulis

188 822 253 864 secat
291 833 311 865 c.

221 821 290 932 dlii1
298 882 390 930 Cancro
407 885 448 945 qui
461 883 557 945 fulpent
575 883 644 938 oculi,
663 883 701 929 cui
720 880 802 942 repuln
821 878 909 942 corni]
927 880 1001 928 Haud
1019 879 1091 928 dubie
1103 895 1187 929 versus

190 946 307 1010 legendus
319 948 361 1004 ita,
374 955 402 994 ut
413 963 540 1009 expressus
553 953 596 994 est.
1019 963 1022 969 ¹

223 1015 279 1060 544.
298 1015 386 1060 Nautis
404 1010 534 1073 letissimo]
562 1011 650 1058 Sextus
672 1011 813 1072 Empiricus
831 1010 925 1058 advers.
945 1010 1023 1058 Math.
1046 1009 1088 1057 lib.
1108 1009 1186 1058 VIII.

190 1092 213 1140 p.
224 1079 288 1124 324:
307 1074 395 1141 Τούτῳ
412 1078 541 1142 συμφωνεῖ
554 1075 583 1124 τὸ
595 1076 655 1132 τοὺς
666 1074 822 1139 Διοσκόυρες
840 1072 958 1140 ἀγαθούς
969 1091 1043 1131 τινας
1055 1075 1120 1122 εἶναι
1132 1072 1186 1122 dui-

190 1157 281 1206 μονας,
300 1144 416 1206 σωτῆρας
435 1141 564 1205 ἐυσέλμων
581 1144 654 1201 νεῶν,
677 1140 723 1190 Cari
740 1143 776 1190 rei
793 1143 909 1202 conpruit,
931 1143 993 1204 quod
1009 1140 1123 1189 Dioscuri
1132 1146 1187 1188 aunt

191 1207 246 1255 boni
255 1209 351 1271 quidone
362 1209 483 1267 demorsos,
495 1214 623 1255 amotores
634 1208 739 1254 numum.
772 1205 842 1253 Adde
854 1206 996 1253 Strabonem
1010 1207 1030 1254 Ι.
1043 1221 1096 1268 pag.
1110 1208 1149 1264 83,
1163 1215 1188 1255 et

190 1272 221 1320 V.
233 1287 258 1336 p.
267 1275 322 1320 354.
355 1272 494 1321 Lucienum
505 1272 602 1333 Dialog.
613 1272 697 1334 Apoll.
709 1279 734 1318 et
745 1271 853 1319 Mercur.
864 1279 923 1320 tom.
936 1271 958 1318 I.
970 1287 1024 1332 pag.
1037 1272 1099 1326 237;
1115 1271 1187 1319 Arte-

190 1337 312 1385 midorum
323 1338 452 1389 Ouiroorit.
471 1339 513 1386 lib.
526 1337 563 1385 II.
582 1352 605 1384 e.
615 1339 656 1394 42,
673 1352 696 1399 p.
710 1338 765 1385 133.
797 1335 936 1384 Videndum
947 1342 1029 1383 autem
1041 1352 1071 1383 ue
1083 1337 1185 1384 conluu-

190 1402 261 1450 datur
278 1403 399 1451 interdum
412 1418 427 1450 a
440 1403 560 1451 veteribus
576 1409 711 1450 meteorum
732 1401 809 1450 stellae
831 1401 942 1448 Castores
961 1401 1110 1464 appellatum
1129 1417 1186 1449 curn

191 1467 267 1515 stellis
277 1467 344 1530 ipsis.
376 1468 493 1516 Videatur
505 1467 600 1515 Plinius
611 1466 648 1516 II.
663 1482 684 1515 e.
693 1467 731 1517 37.

223 1533 280 1580 549.
297 1535 384 1580 Securo
393 1532 509 1595 nouerce]
528 1532 620 1580 Ulitius
631 1533 662 1580 ad
675 1531 754 1580 Gratii
769 1547 792 1578 v.
801 1531 856 1586 305,
870 1545 919 1593 seq.
942 1529 1005 1578 Turn
1016 1530 1186 1592 deniquefoein

193 1596 253 1645 Cum
274 1597 357 1645 desunt
378 1602 443 1659 operi
456 1601 578 1660 frepitque
600 1598 718 1645 industrio
738 1594 895 1653 MATRES,
918 1595 1036 1643 Transeat
1053 1599 1080 1644 in
1097 1599 1187 1645 cotulas

191 1665 265 1710 omnis
285 1663 358 1710 tutele
375 1665 475 1720 relictos,
495 1663 623 1710 adscrIbit:
642 1662 692 1720 τήν
704 1659 876 1725 φιλοτεκνίαν.
910 1661 1012 1708 Ovidius
1023 1661 1186 1724 Metamorph.

190 1727 267 1804 VIII.
282 1742 304 1774 v.
315 1728 378 1775 463:
396 1731 509 1808 lfupraont
527 1732 652 1810 rrsrst'erqueq
663 1743 782 1838 sororpue,
800 1724 837 1773 Et
846 1725 938 1773 diverso
948 1725 1129 1802 trallunt‘unum
1140 1727 1188 1776 duo

189 1807 389 1906 lutatus
401 1789 1186 1920 nl.‘ltttttt‘4111{ltltllttltlllluuttll

190 1922 308 1970 Phaenou.
318 1923 449 1985 Nunquam
460 1937 658 1970 seeuronooerece.
693 1922 765 1972 Quod
777 1922 811 1969 ita
823 1919 982 1985 παραφράζει
993 1922 1102 1970 Avienus
1113 1922 1185 1971 alibi:

190 1988 323 2034 novercales
340 1992 366 2036 ut
385 2003 474 2049 semper
487 1989 599 2050 proderet
608 1991 666 2036 iras.
701 1987 826 2034 Hactenus
838 1987 939 2045 Uillius,
952 1987 993 2049 qui
1003 1987 1069 2034 idem
1080 1988 1111 2035 ad
1121 2003 1143 2036 v.
1155 1988 1184 2038 17

191 2052 217 2099 N
218 2052 342 2110 emesiani,
356 2069 410 2116 pag.
422 2055 478 2110 320,
489 2055 523 2100 ita
534 2053 630 2101 scribit:
648 2057 663 2080 “
673 2052 697 2100 N
700 2068 810 2100 ouercam
821 2067 864 2116 pro
875 2051 961 2114 pellice
971 2053 1081 2114 posuisse
1091 2053 1187 2102 videtur

192 2117 352 2165 Germanicus
362 2118 389 2165 in
407 2119 534 2166 Phaenom.
551 2120 619 2166 Arar.
638 2133 660 2167 v.
673 2120 727 2176 143,
745 2133 826 2166 secura
842 2133 943 2166 nornen
963 2117 1067 2166 Alcmen
1086 2117 1187 2168 seilicet.

191 2182 265 2234 Quod
275 2188 356 2230 tamen
367 2191 392 2231 et
401 2182 471 2230 aliter
482 2182 624 2246 explicavi.”

223 2248 280 2296 566.
296 2248 373 2310 Syriae
391 2247 437 2295 duo
456 2251 555 2295 nurnine
573 2245 666 2309 Pisces]
684 2247 804 2296 Venerem
816 2256 840 2296 et
857 2247 1004 2310 Cupidinem
1022 2248 1184 2310 desIgnantes.

190 2312 252 2360 Vide
263 2312 315 2360 Iao.
327 2312 424 2360 Ounelii
434 2313 554 2362 animadv.
565 2313 596 2361 ad
607 2313 712 2361 Minucii
722 2312 859 2372 Octavium,
872 2328 925 2375 pag.
940 2314 994 2361 180.

224 2379 280 2425 655.
298 2377 456 2440 Nudobotque
468 2377 544 2440 stris]
564 2379 621 2425 Fuit
633 2377 698 2425 enim
716 2376 829 2427 Venator.
864 2379 931 2426 HInc
943 2377 1066 2425 Homerus
1078 2377 1184 2426 Iliada

190 2443 268 2504 fingit,
280 2442 384 2490 Arctum
393 2443 478 2490 timere
489 2442 612 2501 Orionem,
624 2443 713 2505 quippe
724 2450 870 2491 venatorem.
905 2443 944 2490 Sic
953 2443 1019 2490 enim
1031 2443 1111 2491 canit:
1129 2439 1186 2490 ‘Hr'
1227 2481 1229 2485 .

190 2505 271 2556 αὐτοῦ
283 2505 402 2618 epidorus
413 2507 455 2554 καὶ
467 2504 488 2553 r’
500 2506 611 2571 Ὠρίωνα
623 2505 725 2554 desines.

224 2573 280 2624 702.
321 2574 359 2620 lus
375 2571 489 2635 medians]
510 2573 589 2621 Grotii
608 2573 798 2622 observationem
809 2571 915 2620 stabiliet
925 2571 1064 2635 exemplum
1077 2587 1107 2620 err
1118 2572 1183 2620 Livii

189 2637 277 2686 XLII.
285 2653 337 2700 cap.
346 2642 359 2686 8
370 2656 376 2684 :
393 2635 492 2698 Lipares
501 2653 574 2701 quum
583 2638 696 2701 mojorem
703 2638 776 2686 multo
783 2645 877 2700 portem
887 2639 974 2686 ciuium
983 2639 1101 2695 omissam,
1113 2653 1185 2700 quam

189 2718 306 2766 superesse
316 2711 435 2750 cerraerent
446 2701 503 2760 (nee
512 2706 574 2751 enim
582 2705 637 2765 plats
648 2704 726 2751 decem
736 2701 815 2750 millio
824 2703 944 2751 dominum
952 2703 1034 2766 cram)
1046 2703 1185 2751 dediderunt

190 2785 221 2817 se.
256 2768 302 2816 Sed
312 2768 383 2830 plura
393 2768 557 2830 suppeditabit
567 2776 621 2816 tum
637 2767 790 2816 Tursellinus
800 2775 889 2827 noster,
909 2783 962 2830 cap.
977 2768 1031 2825 155,
1049 2783 1072 2830 p.
1086 2770 1141 2825 882,
1159 2776 1184 2816 et

189 2849 241 2894 cap.
253 2835 293 2891 21,
313 2849 337 2896 p.
350 2835 404 2890 141,
424 2842 478 2880 tum
497 2833 669 2882 GrammatIea.
703 2833 819 2881 Nostram
837 2841 919 2881 autem
939 2833 1130 2881 observetIonem
1141 2834 1184 2895 qui

189 2899 291 2946 medium
309 2913 361 2946 esse
381 2898 504 2946 dimidium
523 2899 637 2955 (linimus,
657 2914 687 2946 ex
697 2898 837 2946 melioribus
854 2899 1010 2960 scriptoribus
1019 2898 1183 2960 probabImus,

189 2979 220 3011 ne
232 2964 286 3025 quIs
297 2978 354 3010 curn
367 2964 510 3012 Casaubono
526 2964 557 3012 ad
576 2963 707 3026 Capitolini
724 2962 805 3019 Pium,
823 2979 843 3011 c.
855 2966 879 3022 4,
894 2963 919 3010 id
930 2979 991 3010 nove
1002 2964 1095 3031 dictum
1106 2971 1183 3026 putet,

190 3035 256 3076 etex
269 3043 297 3076 eo
309 3028 477 3090 antiquitatem
490 3029 603 3076 Auctoris
622 3029 699 3076 nostri
717 3028 851 3076 convellere
861 3029 956 3077 audeat.
991 3028 1121 3076 Columell.
1133 3029 1182 3076 XI.

190 3109 211 3141 c.
222 3095 245 3151 2,
263 3108 286 3155 p.
294 3093 355 3140 426:
373 3092 457 3140 Pridie
468 3109 543 3142 nonos
555 3095 640 3141 Maias
651 3094 721 3156 Nepa
730 3095 819 3140 rnedr‘us
830 3094 921 3141 occidit.
955 3094 990 3141 Et
1000 3109 1055 3156 pag.
1067 3095 1115 3142 428
1126 3095 1183 3142 edit.
1201 3109 1204 3114 ·

190 3158 310 3206 Comelin.
332 3158 415 3206 Pridie
434 3158 619 3206 NonasJulias
639 3159 729 3206 Cancer
746 3158 835 3206 nudius
853 3160 944 3206 occidit.
980 3159 1058 3206 conr.
1094 3159 1184 3207 Octavo

188 3224 247 3271 Idus
256 3222 339 3271 Julius
352 3225 507 3285 Capricornus
517 3223 607 3272 aredius
614 3225 705 3272 oceidit.
738 3222 862 3270 Palladius
872 3223 886 3270 J
888 3238 975 3270 endan.
987 3225 1023 3272 tit.
1035 3227 1063 3273 18
1074 3242 1079 3270 :
1095 3223 1184 3272 Postea

188 3290 301 3351 expressis
312 3293 386 3350 myrti
394 3291 476 3350 pranis
487 3288 581 3346 colobr's,
599 3295 622 3336 el
631 3291 656 3336 in
667 3303 694 3334 eo
704 3290 758 3334 uino
769 3288 870 3335 medin-m
882 3291 943 3336 croci
952 3290 1087 3352 scrupulum
1097 3295 1119 3336 et
1123 3288 1184 3349 solli

189 3369 263 3402 unum
273 3355 408 3415 scrupulum
419 3356 500 3401 mirre.
535 3354 583 3400 Sed
593 3354 656 3414 apud
667 3351 810 3410 Varronem,
821 3352 862 3400 lib.
876 3353 928 3400 111.
939 3354 968 3400 de
979 3369 1005 3401 re
1016 3362 1074 3402 rust.
1088 3370 1139 3417 cap.
1152 3353 1182 3404 72

188 3419 274 3466 Hieme
286 3418 380 3465 demum
390 3417 467 3466 cibum
477 3419 587 3474 nrediuna,
602 3418 665 3465 male
675 3417 761 3479 aliquis
774 3418 873 3479 exponit
883 3418 1013 3466 dimidium.
1047 3419 1072 3466 N
1073 3435 1113 3466 am
1124 3434 1181 3468 cuu-

189 3490 226 3531 tra
237 3484 320 3531 dicunt
332 3483 403 3530 verba
413 3484 524 3545 proxima
534 3483 670 3545 superiora:
689 3481 783 3530 Deinde
801 3483 943 3531 manducato
961 3483 1060 3531 candido
1071 3485 1183 3544 foretnnt

186 3564 265 3610 pane:
282 3547 356 3595 bieme
373 3548 417 3596 boe
428 3548 470 3605 bn,
490 3554 568 3596 estate
585 3554 626 3604 ter,
646 3562 722 3603 mone,
741 3549 843 3605 meridie,
863 3550 958 3610 vesperi.
993 3551 1076 3596 Hieme
1086 3551 1182 3597 demunt

189 3613 267 3662 eibum
278 3614 385 3660 meditans.
420 3613 475 3660 Hoc
486 3621 530 3670 est,
541 3613 623 3660 eibum
634 3612 733 3660 meridIe
744 3621 841 3674 negant.

221 3743 305 3791 Peoo.
317 3741 354 3789 II.
363 3742 429 3791 —69.
448 3744 567 3791 Horridus
577 3747 604 3790 ot
612 3741 713 3805 pelides]
731 3741 782 3790 Alii
793 3743 887 3790 codices
897 3741 930 3789 od
938 3743 1141 3804 pelides—Mos.

222 3809 261 3857 93.
281 3807 411 3869 Conspectu
421 3810 488 3870 siquo
499 3807 584 3870 leonis]
603 3808 708 3855 AldInus
720 3809 795 3856 codex
805 3807 1039 3869 conspectu-Mors.

222 3875 260 3921 94.
280 3871 394 3948 Plerique
404 3876 430 3920 in
440 3873 501 3921 nube
510 3872 635 3936 stupores]
652 3871 742 3921 Plenus
750 3874 845 3921 ridetur
856 3887 898 3936 pro
909 3874 984 3935 gravi,
1002 3888 1099 3935 magno,
1110 3873 1180 3922 rebe»

189 3946 379 4065 mebliie’griiiiin]
399 4002 483 4051 Nolim
494 4003 540 4052 hoo
551 4003 696 4054 vocabulum
707 4003 803 4052 mutari.
838 4002 902 4050 Nam
910 4018 986 4065 quum
994 4001 1084 4052 ooelnm
1095 4003 1180 4068 repelli
