2902 4838
227 507 266 556 cri
662 521 794 557 uoreuuu

227 648 347 708 montcue,
367 649 409 712 qni
419 648 454 697 ite
463 647 535 697 vertit
545 647 615 698 Anti
627 662 652 698 r.
663 647 718 700 267.
752 647 792 698 An
810 646 871 710 legit
887 645 1070 713 lrcpxontuoro
1081 648 1168 700 virore
1179 667 1224 715 pro

227 711 402 778 lrepxopiucu
413 717 435 763 τ’
446 712 568 778 dpdrocot
600 715 642 762 An
652 729 695 777 per
706 721 806 762 ventum
816 717 926 760 ausuum
938 712 1059 764 intellexit
1070 717 1168 776 imbres,
1180 718 1223 780 qui

227 775 388 842 Vergilierum
406 793 517 828 moenum
536 779 605 842 requi
622 779 709 837 nolent,
726 785 751 826 et
765 777 860 826 serendi
877 785 974 841 tempor
993 780 1148 842 nigrificantt
1183 783 1222 830 lte

227 853 362 893 uenientem
382 845 514 894 ineuntem
536 845 679 908 expresserit
700 843 748 892 τὸν
770 840 864 908 ἐπερχό
884 857 945 889 cocu
966 843 1068 908 ἄροτον.
1118 847 1223 895 Videtur

227 913 308 958 tumen
316 916 472 974 pereuntum
482 913 710 972 aspernationem
721 910 832 972 coticulis
842 857 956 971 rdiipoc
965 907 1113 974 ἀρχόμενον
1124 927 1222 974 expres.
1256 961 1259 970 Ι

227 971 296 1032 circe,
314 983 339 1023 et
365 975 638 1038 erbiememruryentem
655 979 678 1022 et
693 981 766 1038 portu
777 972 920 1037 feriendam
938 973 987 1020 τὸν
1006 979 1121 1040 χειμῶνα
1140 975 1220 1041 α’ρχό-

226 989 477 1154 *unitum
490 1038 866 1154 irretentibili·
944 1105 990 1156 .
1197 1050 1223 1090 “

227 1123 316 1221 οο276.
337 1139 426 1218 Corin
442 1139 533 1234 6666767
549 1167 628 1227 noun]
645 1139 740 1218 'l'reoiri
751 1184 835 1217 verene
845 1117 937 1215 inliiiio
948 1142 1070 1219 codicibuc
1080 1186 1137 1220 cum
1147 1186 1221 1234 eupe-

225 1233 375 1347 rioribueMde
393 1234 460 1298 Lyre
477 1233 600 1298 conjuncti
620 1241 696 1292 erent,
718 1233 760 1297 qui
779 1233 841 1284 mihi
860 1231 1020 1295 alcyonum
1038 1237 1158 1299 pertinere
1176 1237 1222 1284 vici

227 1307 314 1413 widi.
334 1313 411 1414 liiiio
427 1365 499 1412 medii
509 1361 639 1476 sulyorieL
645 1362 751 1411 Aldinue
767 1364 842 1414 codex
853 1375 877 1415 et
890 1367 1066 1415 Germanicus:
1083 1365 1133 1414 Aut
1149 1368 1222 1415 medii

218 1431 323 1494 Jutquu
334 1435 403 1477 erurtt
412 1445 491 1491 puteo
501 1436 601 1493 utruque
641 1428 781 1476 tce-Mon.

260 1494 316 1544 291.
334 1491 753 1556 Etcumterrorecouyetnoxatrn]
769 1493 856 1554 Aldur,
873 1494 937 1544 Mox
954 1501 1017 1546 otro.
1048 1495 1151 1544 vitiose.
1185 1497 1222 1544 Ut

227 1568 252 1610 et
263 1575 333 1609 veron
344 1559 455 1622 eequeuti
465 1574 508 1623 pro
520 1562 675 1622 ametooerir
685 1560 956 1622 reportaverit-Mon.
1203 1572 1208 1583 “

259 1627 316 1674 313.
337 1623 405 1673 Trou
415 1625 464 1672 olto
476 1624 597 1686 Cynosura
607 1623 679 1686 reyit]
698 1623 736 1672 Eo
747 1632 917 1688 temporeque
929 1625 1042 1688 Scorpius
1053 1625 1130 1673 oritur
1139 1633 1219 1674 mutu-

227 1690 286 1748 tiuo,
297 1696 367 1738 nocte
375 1690 427 1752 jem
439 1697 545 1736 extreme
556 1705 584 1736 ec
594 1689 720 1751 praecipiti,
739 1696 790 1736 tum
803 1690 937 1752 Cynosurae
948 1696 1021 1751 caput
1031 1689 1079 1738 ulte
1094 1691 1221 1740 attollitur.

227 1756 267 1804 ltu
289 1755 373 1803 Cicero
394 1755 494 1818 occepit,
517 1755 552 1802 ite
571 1755 741 1802 Germanicus.
791 1756 944 1804 struimus
968 1755 1056 1805 Exere.
1080 1755 1144 1804 Plin.
1165 1771 1219 1820 pag.
1292 1810 1299 1815 ,

227 1822 274 1869 606
286 1836 300 1868 6
312 1819 339 1868 F.

259 1884 313 1937 317.
334 1885 423 1933 Colum
442 1881 558 1945 weedit]
587 1882 658 1932 Hanc
680 1883 805 1932 coeleotem
822 1893 846 1934 et
867 1885 948 1934 Deam
966 1899 1036 1933 nvem
1053 1886 1141 1934 merito
1158 1886 1220 1934 ridet

226 1950 351 1998 Lucienus
360 1949 385 1997 in
396 1949 481 1998 concil.
495 1950 568 1997 Deor.
582 1957 640 1998 tom.
653 1948 690 1997 11.
700 1965 724 2012 p.
733 1949 788 2000 712.

258 2017 314 2064 331.
334 2013 404 2072 Telo,
421 2019 499 2076 caput,
518 2018 655 2078 maurisque
667 2014 782 2078 dumuu]
800 2014 922 2064 Orationio
933 2015 1105 2077 consequentia
1114 2015 1221 2078 postulet

225 2079 600 2143 moerorquelrumeror.-Mon.

258 2147 315 2194 340.
333 2143 420 2192 Primo
437 2145 573 2205 rpcculotur
589 2141 619 2191 od
638 2142 703 2206 ortu]
721 2144 760 2194 De
773 2151 828 2193 ortu
846 2144 970 2193 Ceniculae
989 2153 1013 2193 et
1030 2145 1220 2208 praenotionibue

226 2225 281 2274 qne
292 2223 324 2258 ex
335 2209 378 2257 illo
389 2207 459 2268 flunt,
471 2207 524 2256 ride
536 2208 645 2272 Geopon.
656 2208 679 2258 1.
692 2225 713 2258 c.
720 2213 742 2257 8.

257 2275 313 2324 349.
330 2271 456 2336 Preliyot]
475 2273 515 2320 Sic
526 2275 599 2320 etiam
611 2273 762 2322 Munckerue
778 2275 873 2338 rcripeit
883 2274 908 2322 in
919 2275 983 2322 notis
992 2275 1022 2322 ed
1034 2275 1128 2339 Hygini
1143 2275 1219 2324 fabul.

228 2339 266 2398 14,
285 2354 340 2404 pig.
352 2341 392 2388 60.
425 2337 542 2386 Similiter
554 2338 638 2386 Cicero
650 2338 675 2386 in
684 2338 805 2402 pbaenom.
816 2341 859 2388 Ar.
878 2355 900 2387 r.
913 2339 974 2390 37οε
993 2341 1025 2388 At
1037 2340 1111 2388 Cocio
1121 2341 1154 2388 ad
1164 2356 1219 2388 cou-

224 2404 288 2463 dcm,
304 2419 397 2453 teroem
411 2403 551 2466 mentirer
568 2402 639 2466 Aryo.
673 2403 723 2451 Ubi
734 2411 758 2452 et
770 2404 870 2453 Grotius
880 2412 905 2452 et
917 2404 1067 2454 Muncberue
1078 2405 1095 2452 1.
1106 2421 1126 2453 c.
1144 2421 1168 2468 p.
1179 2407 1219 2463 49,

224 2476 348 2527 annotant,
357 2469 473 2533 quaedum
484 2468 601 2516 editiones
611 2469 699 2516 babere
707 2467 846 2532 prolabitur.
879 2470 982 2518 Monere
989 2470 1103 2518 debuerat
1110 2476 1219 2532 uterque,

221 2534 361 2597 prolabitur
381 2541 437 2582 ante
457 2533 585 2582 ferendum
606 2549 665 2582 eece.
700 2535 748 2581 Sed
765 2535 879 2597 quoniam
896 2535 923 2583 in
941 2541 1082 2584 contextum
1102 2551 1218 2584 versuum

220 2597 362 2662 prolabitur
372 2613 412 2648 rec
444 2604 522 2656 erunt,
536 2599 594 2646 enlin
600 2606 710 2661 oppleret,
722 2606 804 2648 utrum
815 2599 997 2662 praeoptundnm
1008 2599 1153 2648 censuerint.

257 2665 313 2712 360.
330 2613 515 2711 116666ᾭὶ61νὲ6
524 2661 607 2726 ayone]
626 2662 657 2710 ln
668 2663 722 2710 elii·
733 2663 855 2712 codicibus
866 2670 904 2710 eet
914 2664 1081 2726 coit-Mon.

256 2729 312 2776 362.
328 2730 416 2777 Belluo
427 2728 467 2776 sed
473 2731 543 2790 ponti
553 2743 601 2776 oon
612 2729 711 2776 muttum
724 2732 831 2790 preterit
841 2728 945 2792 omum]
965 2729 1036 2776 Licet
1045 2728 1126 2777 locum
1139 2727 1219 2776 Mani-

224 2792 260 2854 lii,
272 2793 293 2841 1.
304 2795 361 2852 428,
374 2794 438 2842 etde
449 2793 511 2840 meri
523 2808 616 2856 cepere,
627 2800 655 2840 ut
667 2793 835 2843 Germanicus.
870 2795 976 2843 Birra.
989 2794 1091 2842 Advere.
1102 2793 1145 2842 lib.
1157 2793 1218 2844 VII.

223 2874 247 2907 c.
256 2859 279 2918 7,
294 2873 319 2921 p.
328 2860 384 2906 326.
419 2858 475 2920 Ego
484 2873 540 2906 vero
550 2858 636 2906 nolim.

255 2924 311 2972 369.
327 2922 418 2972 Procul
427 2939 443 2971 6
454 2923 534 2982 unctio]
553 2923 620 2970 Aliae
630 2921 830 2971 amotio-Mon.

254 2989 311 3037 302.
327 2989 389 3036 riute
399 2989 534 3050 Soyittiseri
543 2987 655 3050 multum]
672 2987 724 3035 Alii
734 2985 825 3036 uultum
832 2991 975 3050 pernicio·
982 2988 1056 3036 Mor.

255 3054 310 3102 395.
327 3056 457 3102 Arcturum
467 3052 561 3116 contro]
579 3053 634 3102 Hoc
645 3059 689 3111 eet,
697 3067 727 3100 ex
735 3052 833 3100 adverso
844 3053 959 3116 positum.
993 3052 1218 3102 Biennxbvn.

222 3133 244 3166 c.
255 3118 277 3173 l,
305 3120 394 3167 ,2183

254 3133 312 3234 toi.
330 3181 500 3245 Raetorum]
517 3182 569 3230 Alii
583 3181 722 3232 Tduridulo.
756 3182 790 3229 Et
801 3197 871 3230 versu
882 3184 993 3246 sequenti
1009 3187 1128 3247 precipiti
1146 3190 1218 3232 tortu.

222 3246 287 3296 Item
296 3263 367 3296 vernn
377 3249 407 3296 ub
418 3248 464 3296 boo
476 3254 560 3296 octavo
570 3247 659 3310 Ertqat
669 3249 825 3310 miuootque
835 3248 1013 3297 lotoe—Mor.

254 3313 310 3363 398.
326 3312 450 3376 Praecipiti
460 3319 538 3362 tractu
555 3315 630 3361 ocutis
647 3313 779 3362 demittitur
795 3311 877 3374 uodie]
894 3313 988 3362 Vitiore
999 3313 1101 3362 arbitror
1114 3314 1216 3362 Germa·

221 3378 304 3426 ninum
316 3379 412 3427 dixisse·
446 3378 552 3426 Burru.
565 3378 629 3426 Λᾶν.
640 3377 727 3427 XVII,
744 3393 767 3426 c.
777 3378 800 3435 9,
815 3393 841 3441 p.
853 3379 908 3429 872.
943 3379 1015 3429 Quod
1024 3380 1152 3443 probatum
1164 3395 1216 3428 esee

239 3443 346 3492 ervelim.

220 3458 237 3506 p
252 3511 309 3558 424.
326 3508 355 3556 Si
363 3513 454 3556 tenuem
465 3511 540 3555 traxit
549 3507 645 3570 entem]
664 3507 715 3556 Alii
725 3509 835 3556 codices:
853 3508 895 3555 Sic
906 3508 1118 3557 tenuem-Mon.

252 3575 308 3622 430.
328 3571 441 3635 Coruum]
460 3572 578 3620 Fabulam
589 3573 661 3620 Corvi
672 3574 701 3620 ed
719 3589 811 3622 socrum
829 3573 956 3621 historiam
975 3573 1071 3621 Noucbi
1089 3573 1216 3636 respicere,

220 3638 298 3700 qualis
308 3639 351 3686 ille
361 3638 460 3700 quidem
472 3653 486 3685 6
496 3637 570 3686 LXX
585 3637 761 3701 Interpretibue
772 3646 890 3695 narratur,
901 3638 996 3686 videtur
1006 3638 1126 3687 Bocbnrto
1137 3639 1215 3687 Partis
1260 3659 1263 3666 ¹

220 3702 256 3752 11.
276 3703 318 3752 lib.
336 3703 373 3751 II.
393 3703 531 3751 Hieroroic.
551 3719 572 3752 c.
592 3705 629 3762 13,
648 3719 671 3766 p.
688 3705 745 3753 212.
780 3704 827 3752 Sed
847 3703 893 3752 boc
913 3703 973 3750 mihi
996 3703 1099 3766 petitum
1118 3704 1215 3766 longine

218 3768 320 3817 videtur.
354 3769 394 3816 Ad
404 3784 426 3817 v.
434 3770 490 3825 451,
502 3768 579 3816 Servii
590 3767 643 3816 loco
656 3784 729 3831 cupra
740 3769 812 3816 citato
824 3768 884 3816 udde
894 3767 964 3816 illum
977 3769 1075 3818 Senecae
1086 3785 1117 3818 ex
1128 3770 1215 3817 Natur.

220 3832 316 3883 Quaest.
332 3833 375 3881 lib.
387 3834 417 3882 V.
435 3850 458 3881 c.
468 3834 499 3880 17
509 3851 514 3879 r
535 3833 624 3883 Colum
634 3832 751 3882 dividitur
760 3837 787 3881 iu
798 3834 896 3881 circulor
906 3837 1018 3896 quinquo,
1029 3839 1070 3895 qui
1078 3849 1124 3896 per
1134 3835 1215 3882 muudi

218 3900 327 3946 tardiore
347 3905 411 3948 curt.
444 3898 492 3946 Est
512 3899 706 3961 repmtriooolio
727 3904 760 3948 eet
778 3899 918 3958 solstitialis,
938 3904 972 3947 cot
991 3900 1168 3961 aequinoctialis,
1180 3904 1216 3946 eet

220 3963 340 4021 brumalis,
358 3971 392 4011 eet
409 3965 541 4012 contrarius
557 3965 740 4026 septentrionali.
773 3963 907 4012 Hieeertue
923 3964 1011 4012 aceedit
1022 3966 1063 4026 qui
1073 3968 1215 4027 ereperiorem

216 4034 309 4089 portem
325 4031 409 4078 muudi
425 4029 455 4079 66
478 4030 588 4089 inferiore
607 4031 710 4078 secernit.
746 4030 816 4076 Hunc
839 4029 925 4076 lineam
946 4045 996 4091 quoe
1015 4032 1076 4076 iuter
1093 4036 1175 4092 operto
1193 4035 1215 4074 et
