2902 4838
529 530 564 566 AD
578 529 755 566 Pannonium
767 529 885 567 ARATEA.
1139 499 1206 566 xxxi

211 651 284 716 Pipra
296 654 371 718 Agsb.
387 657 441 718 ipra
451 655 483 704 G.
506 656 583 717 Nipra
596 656 625 704 Β.
646 654 731 704 Tarda
740 655 791 704 FP.
806 657 889 719 (ibid.)
907 655 1004 720 alligat]
1016 656 1092 706 AFP.
1109 664 1207 719 compat

208 720 309 782 BGgsb.
336 722 382 769 Sed
400 724 447 768 hoc
465 727 550 768 natum
570 737 599 768 ex
618 721 810 784 praecedentisv.
829 721 931 772 incubat.
959 723 1025 770 Miro
1045 737 1103 770 casn
1120 724 1205 771 eadem

207 785 310 896 vagatae
322 786 385 850 apud
398 786 525 834 Lucanum
538 785 559 833 1.
569 787 624 834 246.
647 787 739 848 pelidae
759 801 834 847 pavor
849 789 934 849 allipat
951 794 1026 845 artas,
1044 787 1087 834 alii
1097 795 1204 851 occupat.

241 915 296 961 295.
314 914 362 962 Sed
376 913 505 976 rationem]
525 921 590 962 recte
611 917 662 962 MS.
699 915 766 962 Male
786 914 879 977 vulgati
898 915 941 964 Et.
976 915 1205 965 Gn.--SCH.—-

209 980 321 1038 Sodroi]
335 979 419 1041 BGgs.
438 979 520 1027 Erat.
532 979 563 1027 A.
580 979 615 1027 Et
626 985 672 1027 rat.
684 980 736 1030 FP.
758 983 816 1028 anni
828 980 854 1028 F.
876 980 964 1042 (ibid.)
979 978 1083 1042 solvant]
1102 982 1132 1029 B.
1158 983 1205 1030 sol·

207 1050 261 1091 vent
272 1044 390 1106 AFPgsb.
409 1044 460 1105 (De
474 1047 505 1090 G.
522 1044 587 1091 haud
598 1043 804 1104 constan-01³..

241 1109 296 1156 296.
316 1108 416 1167 Certant]
435 1109 499 1156 male
515 1109 568 1156 ΜΒ.
589 1114 696 1157 canant.
729 1109 938 1171 Distinguendum
957 1117 1039 1157 autem
1055 1109 1098 1168 ita,
1115 1115 1144 1158 ut
1159 1125 1204 1158 nos

207 1171 317 1231 fecimus,
335 1175 407 1221 verbo
426 1172 542 1234 puppibus
558 1173 588 1220 ad
606 1189 702 1221 comma
712 1175 870 1236 praecedentis
880 1189 963 1222 versus
975 1181 1085 1222 retracto.
1120 1175 1206 1224 Gn.-

207 1237 440 1288 SCH.—-—Cernat
450 1238 570 1300 AFPgsb.
587 1244 686 1286 cernant
696 1239 724 1286 Β.
742 1245 841 1286 cerrrant
852 1239 976 1286 G.—-0R.

239 1302 297 1352 297.
312 1302 424 1364 Inrtatat]
436 1303 500 1351 male
512 1303 604 1365 vulgati
613 1306 713 1352 innatet.
749 1303 1072 1352 Gs.-—SCH.--Innatat
1082 1303 1204 1367 ABGgsb.

207 1368 298 1415 innatet
308 1368 449 1416 FP.-0R.

239 1432 296 1480 298.
314 1431 419 1494 Interea]
438 1432 635 1496 depravatissimo
655 1433 708 1480 MS.
733 1432 876 1480 Intoratem
898 1437 1012 1493 conpare
1036 1433 1112 1480 anda
1131 1433 1204 1495 jaba,

206 1508 303 1555 cepnae
320 1503 344 1544 et
362 1512 423 1554 cam,
441 1512 515 1558 quem
533 1512 631 1546 versum
648 1504 742 1545 mutato
760 1498 843 1544 ordine
855 1497 965 1559 seqnitur
976 1497 1025 1552 ille,
1045 1495 1204 1560 inventasque

207 1561 259 1608 alii.
292 1562 389 1610 Deinde
400 1562 505 1609 desaltat
516 1559 595 1610 lateri.
635 1563 727 1610 Versus
746 1570 827 1610 autem
843 1562 886 1610 ille
903 1564 969 1610 Tunc
985 1561 1030 1608 aa
1047 1561 1203 1611 desideratur.

206 1623 285 1673 Versu
296 1627 488 1690 antepenultimo
497 1627 571 1688 hujus
583 1627 702 1675 asterismi
713 1626 776 1674 male
788 1627 879 1688 vulgati
891 1627 981 1674 habent
991 1633 1072 1673 eterna
1078 1627 1205 1687 jactantur

206 1692 233 1737 in
246 1692 328 1739 altam.
363 1692 431 1740 Male
448 1693 474 1739 in
491 1691 627 1754 penultimo
645 1692 804 1753 Manuscripti
823 1693 893 1752 punit
909 1696 932 1737 et
948 1692 1047 1751 pellant.
1081 1693 1148 1740 Beue
1165 1709 1203 1740 eos

207 1768 251 1816 pro
268 1763 291 1804 a
305 1756 354 1804 laos.
389 1757 471 1805 Habes
490 1757 640 1804 variationes.
676 1756 730 1817 Ego
741 1755 786 1803 hos
797 1771 881 1803 versus
893 1755 927 1802 ita
938 1763 997 1818 puto
1009 1755 1201 1817 distinguendos,

206 1817 330 1881 legendos,
342 1822 546 1885 transponendus:
565 1822 659 1870 interea
670 1820 925 1881 tentareandasjaoat,
937 1823 975 1877 tsc.
985 1820 1020 1868 uti
1028 1835 1092 1867 nunc
1105 1836 1201 1883 expres·

208 1883 295 1934 simus.
328 1885 386 1933 Non
405 1887 500 1934 videtur
517 1894 582 1935 recte
592 1886 741 1934 intellexisse
758 1885 820 1934 illud
836 1886 906 1933 Arati
923 1883 994 1949 ἥμεθ’
1010 1881 1050 1934 ἐπ’
1068 1884 1203 1949 αἰγιαλοὺς

208 1947 384 2014 τετραμμένοι.
419 1949 565 2010 Deprensum
576 1954 682 1999 carinam
694 1950 766 2008 dixit,
782 1958 810 1998 ut
822 1950 939 1997 Horatius
951 1950 1004 1998 libr.
1017 1955 1052 1998 ΙΙ.
1067 1950 1146 1999 Cana.
1159 1950 1204 1999 Od.

210 2014 248 2070 16,
259 2016 314 2062 al.
350 2018 429 2063 Otium
446 2016 512 2063 divos
525 2022 594 2077 rapat
609 2020 635 2064 in
650 2017 742 2076 potenti
758 2013 864 2063 Prensas
882 2015 968 2077 AEyeo.
1001 2016 1037 2064 Et
1047 2015 1160 2063 Catullus
1169 2014 1204 2063 ad

211 2077 327 2127 Tballam
341 2093 395 2141 pap.
411 2081 450 2128 61.
483 2080 519 2127 Et
538 2082 665 2128 insolenter
681 2086 771 2136 actaea,
791 2082 854 2128 celat
868 2083 960 2128 minata
977 2095 1061 2144 ntapno
1082 2079 1203 2140 Deprensa

207 2158 397 2256 ttttttttt
406 2144 1202 2270 ttt⁹²²tt⁶f¹²⁰s..Eldtlltltltinit‘itttlttt

207 2273 328 2331 monicus,
350 2288 398 2322 non
416 2275 475 2322 satis
490 2275 617 2337 perspicio.
656 2273 782 2322 Devitavit
798 2275 896 2336 quidem
916 2274 995 2322 multa
1015 2273 1154 2322 duriuscule
1173 2276 1203 2322 ab

208 2337 284 2385 Arato
294 2338 365 2386 dicta.
383 2339 462 2401 Magis
470 2347 549 2387 tamen
559 2339 640 2402 aliqua
650 2339 680 2386 ad
692 2339 792 2386 verbum
802 2339 934 2401 exprimere
943 2339 1204 2400 potuit-scri.—

207 2401 240 2450 In
251 2401 326 2459 terra]
339 2402 370 2450 A.
389 2403 513 2452 Anterrate
528 2420 583 2452 cum
602 2405 645 2451 lin.
663 2403 799 2466 supersyll.
819 2410 850 2451 te.
868 2405 895 2452 B.
914 2403 982 2451 Inter
997 2409 1072 2452 ratem
1091 2409 1203 2464 temptare

206 2468 284 2514 ancias
294 2468 357 2530 jaba
374 2483 470 2529 aspnas
488 2475 580 2517 etcum
598 2469 630 2518 G.
649 2469 744 2515 Interea
761 2475 850 2517 tentare
865 2474 911 2516 cet.
926 2469 1019 2530 FPgsb.
1045 2468 1093 2515 Sed
1111 2472 1203 2516 Interea

209 2546 309 2593 prorsus
322 2533 427 2581 otiosum
438 2534 541 2582 ridetur.
567 2534 652 2596 Longe
671 2541 771 2595 praestat
789 2533 861 2580 lectio
877 2533 921 2580 cd.
941 2532 987 2580 A.:
1006 2535 1022 2560 “
1034 2533 1092 2580 dum
1104 2533 1203 2580 interra

208 2603 266 2644 sunt
282 2597 393 2645 homines
411 2600 473 2645 cet.”
501 2601 528 2646 ln
545 2599 591 2646 Cd.
604 2601 633 2646 G.
651 2605 706 2660 post
722 2599 788 2647 hunc
799 2613 821 2645 v.
833 2604 870 2645 est
880 2614 902 2646 r.
914 2599 946 2645 30
954 2599 969 2644 Ι.
980 2604 1034 2645 tum
1045 2599 1102 2646 299.
1113 2597 1203 2645 omisso

208 2676 230 2708 v.
242 2662 315 2711 300.:
333 2663 375 2725 qui
386 2663 475 2710 excidit
484 2664 558 2711 etiam
570 2680 583 2711 e
595 2663 639 2712 Cd.
653 2666 679 2710 B.
692 2664 819 2712 rectiorem
829 2663 951 2725 ceteroqui
963 2663 1072 2710 ordinem
1083 2670 1203 2711 servants.

242 2791 298 2838 299.
316 2792 425 2839 ddsaltat
436 2793 464 2838 B.
479 2790 590 2840 ddsaltat
599 2807 718 2854 superscr.
728 2807 752 2840 a.
764 2808 778 2839 a
789 2808 837 2841 rec.
847 2808 882 2839 m.
893 2792 1009 2842 ele-Old.

242 2856 298 2903 300.
319 2855 389 2904 Tanc
398 2855 454 2918 alii]
467 2857 497 2904 de
507 2872 531 2918 g.
544 2860 606 2919 conj.
618 2873 637 2905 s.
657 2857 726 2906 Tunc
738 2858 782 2906 alti
793 2857 990 2918 burga-01³.

241 2921 296 2967 303.
314 2920 334 2967 A
347 2920 422 2983 terra]
437 2922 536 2983 BGgsb.
553 2928 639 2970 eterra
652 2923 704 2971 ΑΡ.
725 2923 811 2986 (Ibid.)
822 2925 847 2970 in
854 2920 916 2984 alto]
927 2922 1010 2984 BGgs.
1029 2922 1056 2970 in
1066 2922 1142 2970 attan
1149 2921 1203 2969 AP.

209 2984 245 3045 (Ε
259 2984 303 3032 cd.
317 2985 345 3034 F.
356 2985 417 3032 nihil
430 2994 513 3033 contra
523 2987 693 3035 nostramlcct.
706 2986 911 3046 notatur.)-OR.

241 3051 298 3098 3⁰4.
317 3049 461 3112 Maniteas]
473 3065 510 3112 gs.
532 3045 699 3099 Manitet'ltos
710 3052 776 3100 FPb.
795 3051 935 3099 Manitbros
954 3050 1010 3114 (sic)
1030 3050 1061 3098 A.
1080 3048 1204 3099 Patren

209 3113 266 3161 BG.
290 3114 377 3176 (ibid.)
392 3113 471 3176 pellit]
484 3114 602 3177 AFPgsb.
616 3117 709 3178 pellant
719 3115 862 3166 BG.-0R.

242 3180 298 3226 305.
316 3180 382 3228 Nam
396 3177 500 3242 tantam]
519 3181 597 3228 Recte
608 3181 642 3228 ita
659 3181 714 3229 MS.
747 3180 814 3228 Male
832 3180 924 3242 vulgati
937 3179 1205 3229 litaniam—Gn.-

209 3241 429 3308 soff—Nam]
447 3245 572 3306 ABGgsb.
588 3246 640 3294 Nec
652 3246 701 3294 FP.
719 3247 771 3293 lato
783 3246 925 3293 Bit-ors.

242 3309 297 3355 306.
315 3309 459 3371 Belliaemm
475 3308 558 3372 Titan]
572 3311 618 3358 Pro
629 3326 739 3372 acapnum
745 3310 839 3372 vulgati
848 3310 1024 3358 habentetiam.
1058 3309 1106 3357 Pro
1117 3307 1204 3358 dacen-

209 3377 300 3434 iemqae
311 3374 405 3435 serant,
425 3375 481 3422 MS.
492 3377 652 3438 lucentempne
662 3377 752 3436 piram.
787 3375 854 3438 Lego
874 3375 987 3437 Belligeri
1009 3373 1092 3432 Titan,
1109 3377 1146 3431 dc.
1168 3374 1205 3421 uti

209 3451 275 3484 nunc
295 3439 403 3500 primum
421 3454 563 3501 expressum
583 3449 626 3488 est.
661 3437 831 3503 Ferasiprip,
851 3441 916 3502 quod
932 3445 1076 3487 centaurum
1096 3439 1204 3486 Homero

208 3501 724 3568 significat.-Gs.-SCH.--Bellipen’]
743 3506 771 3552 de
784 3520 808 3566 g.
819 3505 884 3566 conj.
897 3504 932 3551 sb.
955 3505 1099 3566 Belliperam
1119 3502 1204 3551 ABG·

210 3566 277 3629 FPg.
296 3567 384 3626 (Ibid.)
405 3567 480 3616 Titan
495 3585 606 3631 mapaam
617 3585 690 3632 paam
703 3568 813 3632 contipit]
831 3569 932 3631 BGgsb.
954 3571 1026 3616 Titan
1042 3573 1115 3616 etiam
1133 3583 1205 3631 qaam

209 3634 308 3695 contipit
318 3632 366 3681 FP.
387 3632 464 3680 Titan
475 3637 546 3681 etiam
557 3637 656 3696 contipit
669 3634 788 3682 s.-01t.

242 3697 299 3748 307.
317 3696 505 3762 Dacmtemqne]
525 3699 643 3746 Similiter
656 3699 774 3747 Manilius
786 3699 831 3746 IV.
842 3699 905 3746 343:
923 3696 955 3745 dt
967 3701 1007 3761 qai
1018 3703 1124 3745 contento
1135 3699 1205 3746 raini-

209 3763 373 3824 tatasspicalo
385 3779 456 3810 anno
467 3764 585 3827 Lanipero
592 3767 686 3827 prierius
700 3765 773 3812 tradit
790 3764 832 3811 sab
844 3764 901 3826 jare
920 3765 1015 3825 triponi.
1053 3763 1112 3810 llaec
1124 3769 1206 3809 tamen

210 3834 236 3873 et
245 3825 386 3875 Germanici
397 3829 469 3876 verba
480 3836 528 3877 tam
540 3830 603 3876 inter
614 3845 640 3877 se
651 3830 741 3876 similia
752 3830 832 3890 potius
849 3829 934 3890 figurae
946 3835 1002 3874 ante
1013 3827 1096 3874 oculos
1108 3828 1206 3888 utrique

209 3891 341 3939 obversata
352 3907 426 3954 quam
442 3894 572 3942 imitationi
582 3894 710 3942 tribuenda
721 3889 1205 3952 videntur.—SCH.—Dacentempeoe]

209 3954 531 4070 Alaliglb'oitmmw
550 3958 607 4008 BG.
623 3959 709 4020 (ibid.)
728 3957 824 4021 feram]
844 3957 900 4007 BG.
917 3958 993 4020 (prob.
1011 3955 1051 4019 g.)
1070 3957 1105 4004 sb.
1120 3958 1208 4019 sanat
