2868 4848
225 587 269 650 ta
647 600 802 646 scaonis.

224 747 348 824 dicunt,
365 743 504 830 AEgypti
519 765 588 808 esse
604 742 754 826 effigiem,
768 739 867 805 stellis
881 739 1051 823 figuratam
1065 739 1100 803 iu
1116 739 1218 806 tribus

225 831 360 916 angulis,
374 830 408 894 id
423 841 472 894 est
488 829 624 912 trigono,
639 839 672 892 et
688 827 800 891 Nilum
816 825 914 890 talem
929 826 1086 890 ambitum
1099 825 1217 892 facere.

226 917 337 982 Habet
352 927 460 980 autem
475 914 582 978 stellas
598 926 671 990 tres,
687 913 722 976 in
736 911 869 996 singulis
884 911 1008 995 augulis
1028 911 1178 995 singulas,
1200 935 1218 976 e

224 1003 342 1088 quibus
356 1023 421 1066 una
434 1011 485 1065 est
498 999 619 1066 clarior.

269 1087 374 1153 Pisces
388 1085 421 1150 bi
437 1097 523 1163 sunt,
540 1093 573 1149 et
587 1084 689 1169 major
707 1082 818 1147 Piscis.
864 1081 1015 1165 Nigidius
1032 1082 1091 1146 hos
1111 1080 1219 1146 Pisces

225 1173 302 1238 dicit
316 1173 350 1236 iu
365 1172 496 1236 flumine
521 1169 689 1254 Euphrate
712 1169 819 1244 fuisse,
837 1177 871 1231 et
885 1168 930 1231 ibi
946 1189 1040 1232 ovum
1060 1167 1218 1231 invenisse

223 1259 314 1324 miroe
329 1256 568 1341 magnitudinis,
584 1253 670 1356 quod
684 1255 845 1320 volventes
860 1254 1025 1339 ejecerunt
1038 1253 1073 1317 in
1087 1264 1218 1330 terram,

224 1355 322 1430 atque
336 1343 383 1408 ita
396 1342 576 1406 columbam
591 1339 754 1417 rnsedisse,
767 1351 800 1402 et
811 1351 884 1424 post
895 1339 1018 1424 aliquot
1029 1339 1096 1402 dies
1106 1338 1218 1402 exclu-

225 1430 301 1494 sisse
317 1451 386 1494 eam
411 1425 514 1512 Syrias
530 1447 604 1512 quse
617 1437 748 1492 vocatur
764 1423 896 1501 Venus;
918 1425 1058 1488 maxime
1069 1445 1143 1510 quae
1159 1425 1218 1487 mi-

224 1516 356 1580 sericors
369 1513 410 1578 ad
424 1512 569 1577 homiues
581 1511 785 1596 pertinebat3
809 1533 946 1595 quaeque
961 1510 1063 1574 multa
1086 1532 1160 1595 quae
1178 1510 1219 1574 ad

223 1601 397 1666 utilitatem
412 1597 594 1662 hominibus
618 1609 829 1673 verterentur,
849 1618 888 1660 ea
906 1595 1024 1660 dicitur
1048 1595 1217 1660 invenisse.

226 1684 312 1752 Quae
336 1685 487 1770 quoniam
508 1682 637 1768 Jupiter
650 1683 768 1767 saepius
787 1704 806 1745 a
827 1680 991 1745 Mercurio
1014 1681 1136 1745 laudari
1161 1703 1219 1745 no-

224 1771 404 1856 minariqne
418 1769 554 1845 audiret,
570 1768 657 1854 quod
671 1768 705 1832 in
720 1767 796 1831 deos
809 1767 966 1852 religiosa,
981 1767 1016 1829 in
1035 1766 1219 1830 hominibus

222 1857 364 1920 officiosa
375 1855 545 1938 diligenter
553 1853 661 1931 fuerit,
677 1864 789 1936 rogata
800 1875 819 1917 a
830 1852 919 1929 Jove,
930 1852 1016 1937 quod
1024 1852 1085 1915 sibi
1093 1853 1220 1936 optanti

225 1943 326 2006 tribui
349 1940 536 2026 postularet,
560 1940 616 2004 illa
644 1939 701 2015 ait,
735 1937 784 2002 Ut
807 1939 918 2023 pisces,
952 1937 1010 2022 qui
1036 1959 1126 2001 suam
1156 1938 1219 2001 ori-

224 2028 332 2112 ginem
346 2027 533 2104 servassent,
557 2025 728 2089 immortali
750 2024 883 2108 praemio
901 2023 1114 2088 afficerentur.
1159 2023 1219 2087 Ju-

224 2115 309 2198 piter
318 2113 352 2176 in
367 2109 533 2176 duodecim
545 2110 644 2194 signis
657 2110 764 2174 Pisces
775 2110 914 2174 siderum
929 2109 1097 2193 splendore
1109 2109 1219 2173 decor-

225 2199 300 2264 avit.
347 2197 443 2261 Unde
458 2195 553 2260 hodie
569 2218 698 2283 quoque
714 2195 839 2280 Syriae
865 2215 905 2257 ue
919 2195 977 2258 bos
990 2194 1097 2259 Pisces
1109 2194 1222 2272 edunt,

226 2296 260 2349 et
283 2283 444 2350 columbas
467 2293 626 2367 potestate
653 2282 814 2346 decorant.
897 2302 989 2344 orum
1012 2292 1120 2345 autem
1137 2303 1222 2362 unus

225 2369 408 2455 aquilonius
420 2379 478 2446 est,
492 2368 573 2432 alter
584 2368 741 2445 australis,
757 2389 799 2432 ex
810 2366 940 2430 adverso
950 2367 1058 2430 caudis
1069 2366 1223 2451 utrinque

225 2455 349 2540 positis.
395 2453 530 2518 Habent
543 2453 629 2517 inter
643 2476 677 2516 se
692 2453 932 2536 alligamentum
955 2451 1092 2530 luteum,
1119 2449 1222 2516 conti·

226 2562 307 2605 nens
330 2562 432 2627 usque
449 2539 488 2603 ad
503 2539 624 2624 priores
647 2539 745 2622 pedes
760 2538 878 2601 arietis.
925 2537 1140 2602 Andromedae
1163 2561 1221 2602 au-

226 2639 292 2690 tem
306 2625 461 2689 humerus
482 2625 608 2702 dexter,
631 2625 727 2708 piscis
748 2633 797 2688 cst
816 2624 954 2707 signum.
1000 2623 1111 2687 Habet
1135 2623 1221 2687 idem

226 2711 408 2796 aquilonius
420 2710 527 2774 stellas
536 2710 712 2784 duodecim.
742 2709 996 2792 Alligamentum
1007 2709 1143 2786 luteum,
1156 2730 1221 2793 quo

226 2797 432 2861 continentur
446 2796 480 2859 in
495 2807 587 2880 parte
602 2797 720 2872 boreae,
736 2795 835 2859 habet
848 2795 955 2858 stellas
975 2806 1051 2872 tres,
1072 2796 1108 2857 in
1128 2805 1220 2877 parte

225 2884 295 2946 noti
310 2894 384 2960 tres,
401 2882 441 2946 ad
455 2881 609 2945 orientem
633 2894 709 2956 tres,
734 2881 775 2945 ad
797 2881 992 2944 occidentem
1017 2891 1090 2944 tres.
1135 2878 1221 2944 Aus-

225 2969 314 3032 tralis
328 2968 423 3052 piscis
438 2966 638 3051 quindecem.
684 2965 894 3032 Suntomnes
906 2965 1089 3031 XXXIX.

269 3052 406 3118 Perseus
420 3052 551 3139 quidem
567 3073 610 3117 ex
626 3051 738 3116 Danae
754 3062 787 3115 et
798 3051 877 3114 Jove
889 3061 985 3116 uatus
997 3064 1055 3116 est.
1091 3050 1221 3134 Jupiter

227 3140 362 3203 enimin
376 3138 617 3202 similitudinem
637 3137 727 3201 a'urei
745 3137 856 3200 imbris
875 3159 910 3200 se
930 3137 1142 3202 tranformans
1161 3158 1219 3220 op-

225 3246 366 3309 pressam
378 3223 497 3288 delusit
512 3221 660 3299 Danaen,
674 3223 790 3286 Acrisii
801 3223 885 3305 regis
897 3222 1092 3306 Argivorum
1103 3222 1202 3285 filiam
1209 3247 1218 3299 ;

226 3331 323 3396 quam
339 3322 460 3396 patera
474 3308 552 3371 Jove
567 3321 606 3372 ut
621 3309 763 3372 vitiatam
777 3308 934 3391 cognovit,
950 3307 1035 3372 iutra
1050 3327 1154 3372 arcam
1168 3307 1219 3370 in·

226 3396 357 3460 cludens
379 3393 590 3480 praecipitavit
608 3393 643 3456 in
662 3416 770 3468 mare;
794 3415 869 3480 quae
888 3393 994 3458 delata
1012 3393 1052 3457 ad
1075 3391 1217 3470 Italiam,

225 3483 356 3546 inventa
370 3481 540 3566 aquodam
553 3480 721 3564 piscatore,
737 3490 771 3542 et
785 3479 893 3543 oblata
907 3479 985 3562 regi,
1004 3501 1076 3542 eam
1091 3478 1152 3542 sibi
1172 3477 1219 3560 fe-

225 3567 270 3631 cit
293 3589 440 3644 uxorem,
461 3588 527 3629 una
548 3587 618 3629 cum
645 3565 763 3629 Perseo
788 3587 885 3649 quem
901 3565 998 3629 enixa
1012 3576 1061 3628 est
1076 3565 1110 3628 in
1125 3563 1216 3628 mari.

227 3651 296 3718 Qui
309 3654 426 3717 missus
441 3651 480 3715 ad
497 3649 693 3735 Polydecten
707 3673 815 3733 regem
830 3651 943 3714 insulae
958 3649 1096 3734 Seriphi,
1108 3649 1219 3734 accep·

225 3739 268 3804 tis
280 3762 299 3803 a
311 3737 474 3804 Mercurio
486 3736 652 3813 talaribus,
665 3747 726 3800 eta
738 3736 884 3801 Vulcano
894 3735 993 3820 harpe
1004 3735 1219 3812 adamantina,

224 3847 284 3909 per
298 3833 370 3890 atra
383 3824 446 3887 iter
459 3822 579 3886 faciens
593 3822 634 3886 ad
656 3823 835 3905 Gorgones,
852 3821 970 3885 Phorci
983 3822 1074 3898 filias,
1095 3820 1219 3885 venisse

224 3911 424 3995 perhibetur,
441 3930 514 3993 quae
528 3929 648 3991 angues
658 3930 717 3993 pro
732 3907 873 3971 cunibus
885 3908 1038 3972 dicuntur
1058 3906 1218 3988 habuisse,

226 4015 370 4082 quosque
384 3995 537 4058 vidissent
548 3995 582 4057 in
596 3994 718 4080 lapides
733 4005 928 4057 convertere.
975 3993 1143 4076 Gorgones
1155 4001 1219 4056 tres

224 4085 374 4146 feruntur
393 4079 491 4146 fuisse
516 4101 649 4157 sorores,
674 4102 740 4144 uno
763 4079 867 4157 oculo,
891 4101 957 4144 una
980 4077 1219 4164 prdchritudine
