2902 4838
487 603 522 638 sn
535 601 713 638 sennonteus
726 601 842 637 sarran.
1119 589 1178 638 xxix

214 732 269 781 251.
290 729 383 793 Ubique
399 728 485 792 micat]
503 728 567 778 male
586 729 678 791 vulgati
693 731 716 776 et
730 723 1138 776 ille.-Gn.-SGH.-Tanteu
1156 733 1179 774 et

178 795 219 845 itte
229 812 261 844 m.
271 796 300 844 P.
309 795 369 856 (nou
378 794 445 854 AF.)
459 801 558 858 mcupat
568 795 630 842 Jove
639 791 761 842 A-OR.

199 861 267 908 252.
286 860 393 908 Dextera
402 859 508 922 sublata]
528 859 567 907 Ita
585 858 639 908 MS.
650 857 698 906 nisi
710 856 775 918 quod
785 871 828 920 pro
842 855 991 919 Gmsiepeam
1000 854 1087 904 hebeat
1098 855 1177 905 Caed-

180 941 244 988 epea
286 924 406 986 Vulgetus
421 924 470 972 iter
489 924 583 973 Dextra
599 921 692 972 sotum
710 923 795 972 similis
806 937 880 986 prope
899 920 1054 984 Cassiepeam.
1095 920 1179 970 Potest

179 989 352 1038 lectioanobis
361 988 441 1050 posita
456 989 567 1045 tolereri;
584 989 634 1047 sed,
644 988 665 1036 si
677 991 778 1035 Aratum
794 987 919 1048 sequimur
933 986 1057 1034 mannua
1073 985 1176 1048 paulum

180 1062 205 1103 et
212 1053 397 1117 uansponendae
404 1053 489 1111 litem,
498 1053 545 1102 hoc
551 1061 621 1116 pacto
630 1071 637 1102 ι
657 1053 750 1101 Dextra
760 1051 854 1100 sublata
864 1052 950 1099 solium
957 1067 1031 1114 prope
1041 1053 1174 1114 cmstepee.

180 1119 224 1167 Ait
234 1119 300 1168 enim
315 1119 372 1166 ille:
391 1118 442 1166 Kal
454 1115 478 1165 ὁι
489 1114 601 1182 δεξιτερη
638 1118 667 1166 ἑν
684 1115 727 1168 ἐπὶ
746 1116 856 1180 κλισμὸν
878 1113 1032 1164 τετάνυσται
1048 1114 1176 1182 Πευθερίει

182 1181 286 1249 δίφροιο.
320 1182 446 1231 Transisti
466 1182 583 1239 Avienus,
630 1190 710 1232 cetera
726 1184 844 1230 merentis
861 1182 945 1229 solium
957 1196 1032 1244 prope
1052 1181 1178 1244 canapeo

183 1247 558 1297 Tenditur.-Gs.-SCH.--
570 1251 676 1296 Dextera
688 1248 785 1298 sublata
795 1247 880 1296 similis
892 1261 967 1309 prope
979 1245 1134 1308 Cassiepiam]
1150 1249 1178 1296 B.

180 1314 233 1374 (sed
246 1313 378 1376 Cassiepia)
397 1312 482 1374 EGga.
505 1311 608 1360 Dextera
618 1312 672 1374 (sic)
683 1313 778 1362 sublata
791 1313 877 1360 similis
891 1308 1031 1373 prooemio)
1046 1310 1179 1374 Cusiepiam
1263 1323 1270 1335 '

179 1382 209 1426 A.
226 1377 321 1426 Dextra
342 1375 436 1424 eerblata
457 1378 541 1425 similis
559 1393 636 1440 prope
656 1377 704 1427 FP.
737 1379 878 1440 (easiopeam
898 1375 938 1436 Ρ.)
970 1374 1064 1424 Dextra
1085 1376 1179 1426 sublata

179 1444 265 1490 solium
277 1458 352 1505 prope
366 1442 490 1504 Cassiopia
501 1442 531 1489 de
539 1455 564 1503 g.
575 1443 639 1505 conj.
649 1442 762 1491 b.—OR.

213 1509 268 1555 254.
285 1506 387 1554 Findere
404 1504 505 1568 ploratis]
525 1506 564 1554 Ita
583 1507 638 1555 MS.
654 1515 726 1556 reete.
760 1505 827 1554 Male
847 1503 948 1566 vulgati,
969 1509 1063 1566 tonqere
1082 1507 1179 1566 palmis.

179 1570 260 1620 Alatae
271 1571 360 1634 plantae
371 1571 462 1619 Persei.
494 1571 604 1633 Propert.
616 1572 652 1620 11.
664 1573 735 1634 Eleg.
747 1572 786 1627 23,
803 1585 825 1617 v.
834 1572 880 1617 55:
900 1569 963 1624 Neu,
979 1573 1000 1616 si
1011 1567 1116 1629 Peqaseo
1129 1587 1178 1620 ver·

180 1639 337 1684 terieinoiro
345 1636 420 1691 dorso,
433 1635 496 1694 Non,
503 1635 574 1684 tilisi
584 1635 666 1685 Persei
673 1639 773 1685 moverit
779 1636 820 1682 οἱα
826 1633 1112 1697 pedem-Gn.-SOH.
1119 1661 1179 1672 —-

171 1699 435 1813 fluderegRliEGgsb.
465 1706 559 1763 tauqere
580 1702 655 1750 AFP.
681 1700 767 1764 (Ibid.)
788 1697 894 1763 plrrntis]
920 1698 1070 1761 ABEGgsb.
1091 1700 1180 1761 polrus

214 1831 270 1880 255.
286 1828 434 1892 Poplitesub
446 1829 502 1877 lano
516 1829 605 1892 Tauri]
622 1830 714 1878 Versus
732 1830 806 1878 hosce
825 1837 874 1877 tres
890 1843 920 1875 ex
936 1827 1101 1890 manuscripto
1120 1843 1178 1892 sup·

182 1894 312 1958 plevimus.
346 1893 555 1956 Distinguendum
572 1903 653 1944 autem
666 1903 690 1943 et
700 1895 839 1958 legendum,
849 1891 945 1954 Poplite
955 1893 997 1940 sub
1010 1893 1074 1950 levo,
1097 1895 1179 1952 Tauri,

183 1960 227 2008 &c
239 1969 268 2008 ut
276 1977 290 2008 a
299 1959 367 2008 nobis
377 1974 518 2020 expressum
528 1968 572 2008 est.
603 1960 660 2008 Nou
671 1961 738 2008 enim
754 1961 799 2008 sub
810 1958 884 2006 Tauri
895 1957 986 2020 poplite
995 1964 1053 2006 sunt
1061 1957 1179 2018 Pleiades,

182 2025 225 2073 aed
239 2024 337 2073 Persei:
355 2023 398 2071 sed
413 2023 476 2071 tauri
491 2024 636 2086 signarunt.
670 2025 743 2072 Unde
760 2032 785 2074 et
800 2023 865 2086 apud
881 2023 994 2070 Arabesa
1004 2021 1066 2070 tauri
1081 2038 1112 2070 ne
1140 2025 1180 2072 ine

183 2096 285 2142 Atouria
304 2094 354 2142 sive
373 2093 494 2152 Armeno,
511 2103 538 2142 ut
549 2094 590 2144 slii
601 2096 718 2153 scribunt,
734 2102 857 2144 vocantur.
891 2093 968 2160 Atlor
986 2095 1052 2143 enim
1068 2092 1133 2152 'lm
1154 2094 1180 2153 R

182 2161 301 2208 Arabibus
312 2166 408 2207 taurum
420 2166 497 2216 sonat,
517 2161 586 2223 eujus
598 2175 687 2209 nemen
698 2161 724 2208 in
735 2161 847 2208 omnibus
859 2175 932 2222 prope
943 2159 1033 2222 linguis
1045 2175 1179 2208 consonum

182 2224 374 2273 invenio-Gn.
407 2224 491 2272 Veteri
509 2225 657 2274 distinctioni
675 2226 740 2274 iavet
759 2225 859 2274 Servius
875 2225 912 2273 ed.
930 2224 951 2272 1.
972 2225 1179 2287 Georg.'v.138:

183 2289 294 2336 Pleiades
309 2291 402 2351 siquam
418 2295 452 2336 eet
469 2295 524 2336 ante
540 2305 618 2352 qenua
639 2289 724 2348 Tauri,
744 2290 807 2352 quod
816 2297 920 2337 artusiae
928 2291 1011 2352 prima
1022 2292 1181 2352 nomqationis

182 2359 273 2416 tempus
290 2355 406 2401 ostendit:
422 2354 483 2401 unde
502 2353 579 2402 Greci
590 2354 701 2402 Pleiades
711 2355 800 2414 dieunt,
821 2354 875 2406 ἀπό
887 2354 932 2403 τοῦ
944 2353 1042 2413 πλέειν,
1054 2357 1099 2403 Soc.
1133 2354 1180 2402 Sed

183 2425 247 2466 errat
264 2418 330 2466 haud
349 2418 705 2468 dubie.-SCH.—Habent
722 2428 771 2468 tres
789 2435 827 2468 vv.
841 2420 959 2470 255-257.
976 2420 1008 2469 E.
1026 2420 1079 2481 (sed
1090 2435 1112 2468 v.
1124 2421 1180 2476 255,

182 2484 366 2545 moropaulum,
387 2498 444 2530 cum
464 2484 534 2545 signo
555 2491 637 2532 nmen
660 2484 833 2544 correctionis.)
856 2485 932 2547 Ggsb.
966 2483 1032 2532 Item
1044 2484 1074 2533 B.
1089 2485 1180 2542 vute,

183 2547 240 2603 257,
251 2549 341 2596 omisso
352 2563 374 2595 v.
385 2549 441 2597 255.
475 2548 600 2597 Omittunt
608 2550 653 2597 hos
664 2555 712 2598 tres
725 2565 762 2598 vv.
772 2549 888 2600 noe-257.
905 2549 1071 2600 Anu-01³.

216 2613 273 2660 256.
292 2612 338 2660 Est
349 2613 428 2660 lomes:
443 2619 541 2676 occupat
552 2616 626 2662 omnis
636 2629 659 2678 g.
671 2622 755 2663 eontra
766 2615 827 2663 Cdd.
836 2615 1001 2662 meos-OR.

216 2677 273 2728 257.
291 2677 374 2725 Facile
381 2684 414 2725 est
423 2693 443 2726 e.
456 2677 579 2727 B.-OR.

215 2743 271 2790 258.
291 2742 454 2802 Communem]
472 2742 502 2790 Id
519 2750 564 2801 est,
584 2759 648 2806 aegre
667 2743 851 2792 discernendam
870 2749 968 2806 propter
985 2743 1182 2806 conjunctionem

182 2806 310 2855 Pleiadum
325 2807 493 2856 arctissimam.
527 2807 646 2858 Manilius
657 2808 701 2857 IV.
713 2811 777 2857 518:
794 2807 923 2857 Pleiadum
932 2824 1008 2872 parvo
1024 2810 1124 2869 reserens
1132 2810 1182 2872 qlo-

181 2871 484 2920 metiendos-scri.

215 2937 271 2984 259.
288 2936 381 2998 Septem
398 2934 538 2994 traduntur]
555 2937 657 2986 Taetaeo
667 2937 698 2986 ad
709 2937 830 3002 Lycophr.
841 2937 913 2987 Alex.
930 2952 952 2985 r.
967 2939 1028 2986 149:
1047 2937 1182 2998 Πληιόνης

183 2999 378 3058 καὶἈτλαντος
388 3001 456 3052 ἑπτὰ
466 3000 616 3066 θυγατέρες,
627 3000 665 3050 ὧν
672 3001 718 3066 μία
730 3004 772 3052 rai
781 2999 797 3060 ἡ
807 3001 934 3067 Στερόπη.
962 3003 986 3050 Ν
988 3019 1067 3052 onnus
1079 3005 1182 3068 Dionys.

182 3065 262 3114 VIII.
273 3065 319 3121 rte
337 3067 469 3115 Simonidis
489 3067 572 3116 Cerm.
593 3083 648 3130 pag.
668 3070 724 3118 278.
759 3068 873 3130 Carpitur
892 3067 957 3127 una]
976 3069 1061 3116 dehis
1080 3070 1182 3117 Ovidius

182 3131 243 3178 item
253 3130 297 3180 lib.
309 3129 353 3180 IV.
373 3133 439 3180 Fast.
457 3148 480 3181 v.
494 3131 555 3183 170:
574 3134 642 3192 Quod
659 3139 746 3196 septem
768 3133 824 3189 dici,
846 3148 886 3180 sen
905 3138 984 3181 lernen
1002 3149 1049 3182 esee
1067 3137 1183 3183 solent.-

186 3195 361 3244 SCH.--Se
372 3195 430 3258 (sic)
441 3199 548 3260 carpitur
559 3200 588 3246 A.
604 3198 645 3246 sed
654 3200 749 3262 eopitm
761 3197 883 3246 E.-0R.

217 3261 274 3308 260.
292 3263 410 3324 Defioieut
421 3265 449 3309 A.
466 3263 594 3325 dutirnqem
605 3263 727 3312 A.-OR.

217 3325 273 3374 261.
289 3325 398 3374 Nomina
410 3327 450 3374 red
459 3328 561 3387 mustis]
573 3328 640 3375 Bene
650 3327 711 3382 haec.
730 3327 832 3375 sednon
844 3341 874 3374 ex
885 3335 967 3376 mente
978 3328 1054 3377 Arati.
1080 3327 1183 3376 Videtur

185 3391 250 3438 enim
262 3389 319 3439 illos
328 3405 413 3438 versus
424 3391 449 3439 in
460 3398 543 3441 ments
559 3392 673 3441 habuisse
690 3395 738 3441 ’ου
749 3391 797 3456 μόν
809 3409 864 3450 πως
874 3389 1016 3442 ἀπόλωλεν
1027 3392 1145 3453 α’πευθὴς
1156 3392 1183 3441 ir

185 3454 325 3568 Διόςὸἰὶἠρ
335 3453 380 3510 Ἐξ
395 3452 425 3504 οὗ
440 3458 483 3505 καὶ
494 3456 618 3521 γενεῆθεν
637 3455 775 3521 ἀκούομεν.
808 3459 1182 3508 Geor.—SCH.—-Scrvabit

217 3587 275 3634 262.
294 3586 426 3648 Celenoque
439 3585 597 3650 Meropeque]
612 3586 694 3634 Securi
705 3603 790 3637 sumus
797 3587 956 3651 manuscripti
965 3587 1103 3637 lectionem.
1121 3588 1182 3636 Vul-

184 3651 235 3711 gari
246 3650 337 3699 habent
346 3649 453 3708 Electra,
465 3649 613 3714 dicioneque,
626 3652 769 3717 Solemque,
784 3653 934 3716 Toqqeteque
945 3652 981 3700 Et
991 3654 1087 3717 Sterope
1097 3654 1181 3702 Mero·

181 3729 259 3778 peqae
276 3714 348 3762 simol
358 3715 513 3778 somreosaque
533 3715 613 3764 Maia.
647 3717 711 3767 Quae
730 3735 760 3766 ex
778 3718 873 3767 Avieno
894 3719 1015 3778 desumto,
1037 3720 1078 3766 ubi
1101 3727 1184 3767 tamen

179 3781 324 3842 famosaque
335 3778 426 3841 legitur
436 3787 461 3827 et
471 3789 545 3829 recte.
578 3782 693 3844 Sequitur
703 3784 769 3830 enim
781 3783 846 3844 prole
854 3783 916 3832 Deo.
939 3783 1101 3846 Manuseripti
1112 3783 1184 3832 lectio

185 3859 250 3902 vera,
269 3843 312 3892 sed
331 3859 381 3892 non
398 3844 512 3906 perfecta.
547 3845 635 3908 Itaque
645 3847 746 3896 restitue
758 3847 864 3906 Electra,
882 3848 1035 3910 Alcyoneque,
1049 3848 1184 3910 Celanoque

185 3908 331 3971 Meropeque
339 3908 373 3956 Ae
381 3907 485 3972 Sterope,
497 3915 519 3956 et
528 3909 641 3974 Taqqete,
651 3917 673 3958 et
685 3912 753 3961 Mea
762 3921 860 3976 parente
873 3913 979 3972 Calisero
987 3916 1080 3975 pertita.
1113 3913 1184 3960 More

185 3987 265 4035 graeco
277 3973 415 4021 encliticam
425 3975 545 4037 produxit,
564 3983 588 4023 et
603 3975 702 4038 longam
713 3977 822 4026 vocalem
834 3994 883 4026 nen
895 3977 966 4025 elisit.
1001 3977 1125 4040 Scriptura
1141 3975 1185 4025 illa

186 4037 260 4096 Mea,
280 4053 354 4101 quam
375 4053 406 4086 ex
424 4039 589 4102 manuscripto
607 4043 729 4104 proposui,
747 4059 797 4091 non
814 4043 970 4106 aspernanda.
1005 4043 1068 4090 Cum
1080 4041 1183 4090 enimin

187 4104 300 4152 omnibus
312 4102 387 4152 ferme
398 4104 497 4152 vocibus
505 4104 698 4169 aedipthongum
709 4107 735 4155 in
746 4125 764 4155 a
772 4115 866 4157 vertent
877 4107 954 4166 latini,
965 4108 1076 4168 paucula
1088 4115 1183 4155 tentum
