2868 4848
232 543 276 610 32
633 560 829 608 onnussrcr

232 701 306 768 dem
325 701 515 780 insomnem,
541 701 618 768 dum
638 725 658 770 a
677 702 807 768 Junone
832 702 874 768 ad
898 703 1106 769 custodienda
1132 727 1233 770 aurea

231 789 317 854 mala
336 799 420 854 esset
440 789 646 867 constitutus,
668 788 840 867 Hercules,
864 811 938 854 cum
962 789 1003 854 ad
1025 790 1109 856 mala
1132 815 1233 857 aurea

231 875 393 960 profectus
407 875 531 952 fuisset,
552 885 590 940 ut
606 875 704 941 refert
720 873 873 962 Panyasis
883 875 919 940 in
936 875 1104 955 Heraclea,
1124 877 1231 943 fertur

232 961 404 1046 peremisse
417 987 425 1039 ;
450 961 611 1027 etidcirco
626 962 712 1028 inter
725 971 812 1027 astra
828 960 957 1047 Jupiter
976 961 1064 1027 hunc
1086 963 1231 1029 laborem

231 1047 385 1112 memoria
398 1047 530 1148 dignum
545 1047 728 1124 honorasse,
750 1057 785 1112 et
798 1059 953 1134 utrosque
968 1048 1125 1114 sideribus
1140 1050 1231 1115 intu-

231 1132 316 1212 lisse,
328 1133 375 1198 ita
385 1147 423 1198 ut
433 1156 467 1198 ru
479 1134 653 1198 certamine
664 1133 785 1199 fuerint
795 1155 907 1198 eorum
917 1133 1059 1213 habitus,
1070 1137 1229 1220 serpentis

231 1219 336 1305 capite
357 1221 426 1306 jam
450 1219 593 1299 defect03
618 1220 675 1307 qui
699 1219 772 1284 ideo
795 1219 830 1284 in
850 1242 938 1304 genu
958 1232 1057 1299 stans,
1079 1222 1230 1286 manibus

231 1327 358 1372 sursum
374 1307 527 1384 extensis,
543 1305 659 1371 dextro
697 1305 755 1370 ede
773 1318 885 1371 contra
899 1305 1066 1371 draconem
1082 1320 1229 1393 porrecto

231 1391 387 1541 pingitur,
404 1404 441 1456 ut
455 1392 637 1456 certaminis
651 1329 742 1456 labor
757 1391 964 1476 significetur.
1010 1391 1090 1457 Ideo
1109 1394 1229 1479 pellem

244 1477 333 1542 eonis
347 1479 382 1542 in
398 1477 526 1544 sinistra
539 1500 639 1544 mauu
653 1478 770 1542 habere
786 1478 929 1562 fingitur,
946 1489 983 1542 ut
991 1477 1118 1563 insigne
1126 1480 1229 1544 virtu-

232 1563 274 1628 tis
282 1575 490 1643 monstretur,
500 1564 577 1649 quia
583 1564 709 1629 leonem
720 1562 852 1628 inermis
862 1563 1059 1630 interfecisse
1065 1578 1226 1634 narratur.

233 1649 345 1715 Habet
370 1660 479 1716 autem
501 1650 619 1728 stellas,
640 1650 799 1737 incapite
825 1672 934 1728 uuam,
954 1650 989 1714 in
1007 1650 1139 1736 singulis
1166 1652 1229 1716 hu-

231 1737 327 1802 meris
353 1735 494 1821 singulas
512 1736 704 1821 splendidas,
723 1737 758 1800 iu
779 1735 909 1801 sinistro
928 1735 1039 1802 cubito
1060 1759 1169 1816 unam,
1190 1739 1228 1803 in

231 1821 343 1888 eadem
357 1845 456 1887 manu
470 1844 580 1900 unam,
595 1822 629 1888 in
645 1822 757 1888 eodem
771 1821 902 1887 brachio
921 1844 1030 1901 unam,
1045 1823 1080 1887 in
1096 1824 1227 1890 sinistro

231 1908 351 1974 femore
358 1930 471 1986 unam;
483 1908 518 1972 in
528 1909 643 1974 dextra
654 1919 746 1994 parte
755 1908 884 1973 femoris
893 1908 984 1987 duas,
996 1909 1031 1972 in
1041 1931 1124 1974 coxa
1134 1910 1227 1989 duas,

230 1994 266 2058 in
280 2016 367 2078 genu
382 1994 499 2060 dextro
513 2003 624 2073 unam,
649 1995 684 2059 in
705 1995 816 2060 eadem
840 1994 920 2059 tibia
949 2016 1055 2074 unam,
1082 1996 1117 2059 in
1132 2017 1227 2062 crure

231 2081 322 2159 duas,
344 2081 379 2144 in
394 2081 505 2146 eodem
520 2082 602 2166 pede
617 2103 726 2160 unam,
748 2081 784 2144 in
805 2079 920 2146 dextra
938 2103 1037 2148 manu
1057 2103 1166 2160 unam,
1189 2083 1228 2148 in
1338 2149 1342 2154 ,

230 2166 328 2245 clava,
344 2189 441 2253 quam
456 2167 567 2232 eadem
582 2179 672 2232 tenet
686 2189 795 2244 manu,
815 2188 925 2244 uuam,
945 2166 981 2231 in
993 2167 1123 2232 leonina
1140 2169 1227 2254 pelle

232 2263 380 2339 quatuor.
427 2251 512 2318 Sunt
527 2276 637 2318 omnes
650 2252 765 2338 viginti
780 2264 930 2338 quatuor.

276 2338 358 2404 Haec
371 2361 487 2404 corona
501 2340 617 2405 dicitur
636 2362 705 2404 esse
720 2338 891 2416 Ariadnes,
908 2361 1005 2424 quam
1020 2337 1120 2404 Liber
1131 2341 1226 2408 astris

230 2425 377 2490 intulisse
391 2425 518 2504 dicitur,
534 2426 611 2491 dum
626 2426 696 2511 ejus
711 2425 841 2511 nuptias
856 2424 942 2489 diiin
951 2425 1057 2490 insula
1068 2425 1166 2492 Creta
1173 2450 1226 2492 ce-

230 2511 403 2590 lebrarent,
426 2512 570 2596 cogitans
595 2512 780 2596 praeclaram
802 2510 916 2586 facere,
931 2532 991 2595 pro
1005 2534 1070 2597 qua
1084 2512 1226 2596 primum

231 2620 313 2662 nova
327 2609 430 2682 nupta
444 2609 593 2662 coronata
607 2607 666 2662 est.
713 2597 777 2661 Sed
801 2596 857 2681 qui
882 2595 1007 2662 Cretica
1027 2599 1225 2684 conscripsit,

231 2684 343 2761 refert,
368 2683 444 2769 quia
466 2706 539 2748 curn
555 2683 655 2748 Liber
669 2683 710 2748 ad
725 2682 871 2748 Minoem
895 2704 1003 2766 regem
1017 2684 1166 2763 venisset,
1187 2698 1228 2751 ut

233 2769 408 2834 Ariadnem
431 2770 530 2834 filiam
553 2771 623 2834 e'us
646 2770 777 2835 duceret
797 2791 944 2847 uxorem,
967 2790 1117 2835 coronam
1141 2771 1227 2836 dono

232 2856 386 2921 Ariadnae
401 2856 523 2922 dedisse
578 2856 682 2920 ulcani
696 2878 792 2941 opere
806 2854 922 2920 factam
937 2877 982 2920 ex
995 2878 1073 2921 auro
1089 2867 1122 2921 et
1136 2881 1228 2941 gern-

231 2943 292 3008 mis
315 2942 477 3028 preciosis,
494 2953 527 3008 et
542 2941 616 3008 talis
631 2942 765 3027 fulgoris
778 2941 851 3019 fuit,
867 2951 906 3006 ut
920 2939 1046 3007 Thesea
1060 2965 1103 3008 ex
1118 2941 1229 3030 Laby-

231 3029 340 3093 rintho
350 3029 512 3106 liberaret,
526 3052 600 3115 quae
612 3040 687 3113 post
694 3029 786 3094 astris
798 3027 895 3092 affixa
907 3037 965 3106 est,
975 3034 1047 3093 crim
1057 3028 1091 3093 in
1104 3029 1228 3096 Naxon

231 3115 363 3199 utrique
378 3115 552 3181 venissent.
596 3115 747 3200 (Signum
761 3115 876 3180 amoris
901 3115 970 3199 ejus
993 3114 1095 3179 crines
1118 3127 1228 3180 osten-

231 3202 324 3279 dunt,
340 3212 374 3267 et
389 3213 438 3265 est
452 3201 551 3265 stellis
564 3201 764 3285 fulgentibus
779 3200 839 3264 sub
861 3200 962 3266 cauda
981 3199 1110 3267 Leonis.
1156 3201 1229 3266 Ha-

230 3289 287 3352 bet
302 3298 410 3352 autem
426 3286 533 3351 stellas
548 3310 662 3352 novem
676 3287 711 3351 in
725 3287 861 3352 circuitu
870 3287 1000 3371 positas,
1013 3309 1149 3371 quarum
1160 3298 1228 3354 tres

230 3385 308 3439 sunt
322 3373 522 3458 splendidae.)

276 3459 340 3523 Hic
356 3470 405 3528 est
421 3458 655 3544 Serpentarius,
672 3459 729 3544 qui
744 3481 841 3543 super
857 3457 1064 3543 Scorpionem
1078 3468 1153 3536 stat,
1178 3468 1229 3523 te-

231 3568 311 3610 nens
325 3557 464 3630 utraque
479 3569 577 3612 manu
593 3556 786 3631 serpentem,
803 3545 859 3629 qui
873 3546 913 3610 ab
928 3545 1094 3629 astrologis
1109 3545 1228 3609 dicitur

230 3632 329 3696 fuisse
344 3629 562 3716 AEsculapius,
577 3632 661 3696 filius
677 3631 858 3716 Apollinis3
882 3631 940 3717 qui
962 3651 1036 3696 cum
1058 3631 1226 3695 medicinae

231 3729 299 3783 arte
314 3728 473 3796 uteretur,
497 3729 640 3783 mortuos
654 3718 757 3784 fertur
780 3717 958 3783 suscitbsse.
1005 3716 1226 3783 Quamobrem

230 3805 332 3870 iratus
351 3804 386 3868 in
406 3825 481 3868 eum
506 3803 635 3888 Jupiter
654 3805 784 3868 domum
808 3805 878 3868 e‘us
901 3804 971 3889 ipso
991 3803 1135 3868 fulminis
1157 3803 1227 3867 ictu

230 3891 398 3976 percussit.
443 3889 575 3973 Rogatu
599 3901 707 3955 autem
734 3889 821 3975 Apol
834 3890 897 3956 inis
919 3889 1019 3975 patris
1043 3889 1171 3974 Jupiter
1196 3889 1227 3954 ei

231 3988 300 4041 arte
315 4000 373 4041 sua
387 3999 497 4042 rursus
510 3986 584 4061 post
599 3976 723 4041 obitum
734 3976 886 4041 defuncto
898 3977 1036 4041 animam
1048 3975 1226 4058 restituisse

231 4062 397 4141 advitam,
420 4073 453 4128 et
475 4063 560 4128 inter
588 4073 673 4128 astra
694 4063 898 4128 constituisse
923 4072 1067 4148 putatur.
1114 4061 1226 4127 Habet
