2868 4848
207 537 253 602 34
625 553 783 602 sononia.

209 697 339 802 Jupiter
353 705 464 764 autem
481 669 598 764 dicitur
620 695 752 764 domum
772 695 933 784 Lycaonis
946 693 1083 762 fulmine
1096 697 1209 763 incen-

211 787 305 864 disse,
320 805 424 870 eoque
438 784 508 850 loco
522 785 685 850 civitatem
699 793 928 862 constructam,
955 805 1029 871 quae
1044 783 1208 870 'l'rapeaos

211 870 372 958 apellata
396 881 466 949 est;
496 869 679 956 Lycaonem
704 892 779 936 vero
803 870 997 936 convertisse
1023 869 1059 934 in
1080 870 1207 956 lupum,

300 957 373 1022 dem
387 967 497 1022 autem
511 957 684 1044 compactis
697 956 849 1023 membris
863 956 1014 1024 advitam
1028 957 1208 1037 reduxisse,

209 1055 244 1111 et
271 1043 398 1110 cuidam
427 1043 570 1130 caprario
598 1043 722 1110 dedisse
750 1043 970 1110 nutriendum.
1036 1041 1105 1110 Qui
1133 1065 1209 1110 cum

210 1130 321 1197 adulta
330 1131 399 1217 jam
413 1141 510 1195 estate
525 1140 620 1208 esset,
635 1130 731 1197 matri
745 1129 865 1195 inscius
878 1130 943 1195 vim
956 1129 1076 1194 inferre
1093 1129 1208 1208 voluit,

211 1239 293 1304 quos
308 1237 380 1282 cum
395 1215 508 1282 incolae
524 1214 634 1303 Lycaei
647 1215 766 1282 montis
780 1215 924 1282 cocidere
934 1216 1064 1294 vellent,
1080 1215 1210 1302 Jupiter

211 1315 366 1389 utrosque
387 1301 538 1381 liberans,
562 1303 656 1369 astris
677 1302 807 1368 intulit:
835 1301 894 1388 qui
915 1312 954 1368 ut
974 1324 1026 1368 res
1040 1313 1132 1387 gesta
1146 1314 1208 1382 est,

211 1391 257 1458 ita
282 1399 426 1471 manent,
449 1386 505 1455 illa
528 1388 624 1455 Ursae
652 1399 789 1469 nature,
819 1389 871 1454 bio
893 1388 1208 1476 impetumfeciens,

213 1499 310 1564 quem
334 1475 471 1541 Bootcm
496 1474 660 1541 Homerus
673 1486 775 1542 vocat.
822 1474 934 1543 Habet
956 1486 1067 1542 autem
1089 1475 1208 1554 stelles,

210 1565 246 1628 in
260 1562 375 1629 dextra
388 1583 487 1628 manu
511 1573 661 1650 quatuor,
685 1584 760 1647 quae
775 1583 842 1628 uon
856 1561 1024 1628 occidunt:
1047 1561 1083 1626 in
1102 1562 1209 1648 capite

210 1651 327 1714 claram
340 1671 451 1727 unam,
473 1648 508 1714 in
532 1649 665 1734 singulis
685 1649 826 1715 humeris
848 1648 1001 1734 singulas,
1021 1649 1056 1713 in
1071 1648 1209 1734 singulis

209 1735 391 1802 mammillis
406 1735 505 1800 claras
521 1735 673 1820 singulas,
699 1734 734 1800 in
757 1735 874 1802 dextra
885 1745 977 1821 parte
991 1735 1133 1821 corporis
1145 1736 1209 1800 sub

211 1821 385 1888 mammilla
414 1821 581 1888 obscuram
606 1843 717 1900 unam,
746 1821 782 1887 in
811 1820 928 1888 dextro
954 1821 1065 1887 cubito
1091 1821 1210 1888 claram

210 1930 320 1986 unam,
342 1909 428 1972 inter
450 1920 590 1993 utraque
615 1931 721 1993 genua
745 1909 863 1974 claram
884 1929 983 1974 unam
1005 1919 1040 1973 et
1060 1929 1093 1972 m
1176 1931 1210 1972 m

212 2017 287 2080 quae
302 1991 542 2145 estxrgcltlurus:
566 1995 601 2060 in
616 1995 751 2081 singulis
767 1994 903 2081 pedibus
918 1994 1070 2080 singulas.
1094 1930 1209 2060 affirm

213 2101 324 2145 omnes
456 2125 464 2144 .

257 2166 311 2231 Ad
336 2167 522 2253 adspectum
548 2178 658 2232 autem
682 2166 794 2233 Bootis
819 2165 924 2253 Virgo
948 2168 1124 2234 constituta
1149 2178 1209 2246 est,

235 2276 287 2318 uae
302 2253 445 2338 Erigone
460 2254 546 2320 dicta
561 2266 620 2332 est,
661 2277 712 2318 uae
726 2255 811 2320 inter
823 2253 967 2320 Leonem
982 2263 1017 2320 et
1031 2253 1164 2320 Libram
1174 2255 1211 2319 in

262 2340 351 2405 diaco
365 2339 471 2406 locum
485 2351 585 2407 tenet.
667 2363 726 2406 ane
742 2339 905 2407 Hesiodus
919 2340 1007 2407 lovis
1027 2351 1062 2407 et
1084 2341 1212 2406 Theud-

213 2426 261 2492 dis
285 2427 383 2493 filiem
408 2450 477 2493 esse
503 2427 591 2506 dicit,
616 2428 746 2492 nomine
773 2427 911 2493 Justarn.
956 2426 1056 2493 Hunc
1081 2437 1211 2494 secutus

214 2512 336 2580 Aratus
348 2513 437 2595 dicit,
452 2515 538 2599 quod
553 2536 626 2578 cum
640 2525 725 2580 esset
735 2514 934 2593 immortalis,
949 2513 983 2579 in
997 2515 1092 2580 terris
1105 2537 1212 2582 mora-

211 2601 318 2678 batur,
345 2611 379 2664 et
400 2623 422 2664 e
440 2601 581 2665 virorum
596 2612 727 2685 aspectu
751 2623 785 2666 se
807 2600 995 2666 subtrahere
1009 2601 1114 2680 solita,
1136 2623 1211 2670 oum

212 2686 354 2750 foeminis
369 2686 516 2751 consulto
530 2686 641 2751 ludere
667 2699 700 2751 et
721 2687 900 2752 conversari
918 2687 1156 2766 videbatumt
1168 2691 1211 2755 ab

213 2772 259 2836 eis
270 2772 558 2852 insumebatur,
569 2785 603 2837 et
613 2775 756 2838 nondum
769 2774 854 2839 inter
864 2774 1210 2860 hominesnequitiam,

132 2879 133 2882 ¹
215 2881 320 2945 neque
334 2859 568 2943 navigationem
579 2860 697 2926 fuisse:
721 2859 778 2924 sed
791 2860 879 2925 illam
893 2861 928 2925 in
944 2861 1038 2926 terris
1053 2871 1212 2928 moratam

214 2945 401 3029 aequitatem
411 2945 593 3010 hominibus
603 2946 791 3032 praestitisse
803 2970 841 3012 eo
850 2947 968 3026 seculo,
979 2947 1067 3034 quod
1077 2970 1212 3014 aureum

214 3031 391 3096 dicebatur.
438 3032 502 3097 Sed
523 3045 694 3120 postquam
710 3033 860 3098 diminuti
878 3033 1030 3099 homines
1048 3034 1211 3120 apietate

215 3118 416 3204 quieverunt,
441 3119 496 3183 illa
515 3141 588 3183 cum
612 3143 658 3184 ers
683 3121 815 3185 minime
830 3131 1016 3186 conversata
1030 3130 1099 3186 est:
1122 3132 1212 3207 post-
1320 3149 1322 3158 ¹

215 3227 311 3291 quam
332 3227 409 3270 vero
430 3204 597 3270 hominum
612 3229 715 3271 mores
738 3208 772 3271 in
794 3206 936 3272 deterius
958 3207 1040 3272 versi
1062 3217 1149 3286 sunt,
1175 3209 1212 3273 in

215 3303 285 3356 toto
300 3314 333 3356 se
348 3315 367 3356 e
381 3291 475 3356 terris
486 3292 630 3370 abstulit,
643 3304 676 3358 et
686 3293 722 3356 in
733 3317 771 3358 ea
780 3305 873 3378 parte
884 3291 955 3358 caeli
963 3293 1131 3372 habitavit,
1147 3317 1213 3380 qua

216 3390 431 3443 enumeretur.
476 3379 635 3443 Nonnulli
657 3390 766 3444 autem
792 3401 863 3444 eam
886 3403 955 3444 esse
983 3379 1144 3459 Cererem,
1172 3404 1213 3447 eo

217 3466 303 3549 quod
318 3465 419 3550 spicas
434 3475 564 3530 teneat:
599 3465 654 3530 alii
676 3466 865 3550 Atargatim
898 3466 1029 3552 quidam
1043 3489 1118 3532 vero
1132 3465 1214 3534 For·

216 3562 339 3629 tunam,
389 3575 423 3615 ro
450 3574 489 3616 eo
514 3552 599 3637 quod
614 3553 681 3616 sine
696 3554 800 3636 capite
816 3554 909 3618 astris
923 3553 1072 3620 infertur.
1118 3553 1212 3639 Nigi-

216 3637 288 3701 dius
303 3638 341 3701 de
357 3574 493 3723 iit-gine
507 3638 553 3703 ita
566 3639 685 3704 refert:
709 3638 877 3724 Virginem
889 3638 1054 3705 iustitiam
1070 3640 1133 3705 dici
1146 3641 1212 3706 sive

217 3721 433 3809 AEquitatem,
450 3747 522 3810 quae
538 3725 578 3789 ab
594 3724 777 3792 hominibus
792 3726 968 3805 recesserit,
984 3737 1018 3792 et
1029 3727 1071 3792 ed
1082 3727 1212 3791 immor-

217 3809 297 3874 tales
312 3811 426 3875 merito
440 3811 612 3878 transierit.
657 3811 743 3877 Nam
766 3835 839 3877 cum
858 3813 945 3877 inter
965 3813 1116 3878 mortales
1137 3835 1212 3878 con·

217 3897 351 3976 veniret,
359 3898 590 3963 omnibuslocis
599 3898 1017 3985 conciliabulisquesolitam
1025 3901 1211 3979 consistere,

216 3994 249 4046 et
260 3984 433 4069 praecipere
449 3983 642 4062 hominibus
659 4008 700 4050 ne
712 3997 830 4050 temere
846 4009 866 4050 a
875 3986 1003 4072 justitia
1012 3997 1046 4052 et
1057 3987 1212 4073 aequitete

214 4069 429 4136 discederent:
455 4070 511 4157 qui
526 4072 680 4157 quamdiu
696 4072 825 4138 monitis
836 4074 906 4159 ejus
916 4073 1093 4151 obedirent,
1110 4074 1165 4138 diu
1176 4073 1215 4138 in
