2868 4848
269 574 315 625 xiv
639 589 781 626 censurio
794 589 903 627 suoru.

304 719 367 773 Jam
378 718 413 772 ad
424 719 505 802 uitam
515 718 634 802 ⁸Caesaris
653 717 804 772 Germanici
815 717 1041 841 progrediendum
1056 727 1126 771 erat:
1147 717 1192 771 sed
1203 737 1266 773 cum

268 807 303 844 ex
324 790 443 843 Suetonn
463 789 589 858 Caligula
605 807 636 842 ca
655 795 728 855 .1-⁷,
744 797 802 842 tum
840 790 900 842 acrti
919 789 1015 841 Annal.
1028 789 1051 841 I.
1064 792 1186 854 car-⁷³,
1206 797 1265 842 tum

270 859 350 912 Plinii
370 859 477 912 'Histcn
505 857 600 913 Natur.
671 859 725 913 Ic.
750 863 790 924 13,
816 859 890 913 VIII
909 878 932 912 c.
953 863 979 924 2,
996 866 1024 912 et
1043 863 1087 926 46,
1114 860 1158 912 XI
1177 877 1199 914 c.
1221 863 1266 926 37,

268 930 414 1013 XXIIVII
431 948 453 984 c.
466 933 492 996 3,
512 930 671 1052 AEliauiqsue·
683 931 729 984 lib.
749 930 788 983 II.
808 930 867 1013 hist.
887 930 993 1012 animal.
1006 948 1028 982 c.
1042 947 1063 982 11
1076 937 1106 1012 et
1113 929 1173 982 aliis
1183 930 1266 1012 lilrris,

268 1017 308 1053 ’θ’
328 1001 705 1124 9ιῖἒ3ἓξὲ3ἰξῗ“ἑὲἔιιῗῗθ“ἶὲ·
716 999 1266 1124 uflffiulbliliumnii'l‘mli

264 1088 513 1210 dliiilquemquam,
525 1111 587 1194 oiim
598 1141 630 1195 iis
640 1140 683 1195 Jo.
696 1088 796 1195 Albepreti
805 1141 927 1208 Fabricii,
937 1141 995 1194 Viri
1005 1087 1158 1206 doctissiriri
1168 1087 1262 1194 billio-

266 1211 370 1266 thecam
381 1211 491 1265 latinam
502 1210 626 1265 conferre.

542 1650 599 1705 III.
620 1649 821 1704 PRAEFATIO
841 1649 989 1704 GROTII.

303 1802 338 1855 Iu
350 1801 400 1854 hoc
411 1807 517 1856 auctore
529 1815 584 1870 qua
594 1800 645 1865 via,
657 1799 797 1870 quomodo
807 1799 938 1870 egerimus
950 1816 1037 1870 neque
1049 1800 1105 1866 tibi,
1116 1801 1153 1854 mi
1165 1799 1266 1866 Iactor,

264 1872 360 1926 inutile
371 1872 421 1925 erit
439 1870 539 1936 audire,
559 1869 722 1940 nequemihi
740 1869 825 1923 dicere
839 1870 986 1924 tediosum.
1024 1870 1199 1925 Germanicus
1211 1872 1265 1925 duo

266 1942 395 2013 opuscula
405 1940 551 2010 scripsitad
562 1957 616 1993 rem
624 1940 825 1994 astronomicam
836 1941 1001 2010 pertinentia,
1013 1940 1190 1994 Phaenomena
1200 1942 1267 1995 Ara·

267 2021 318 2080 tea,
329 2019 356 2066 et
373 2011 552 2081 Prognostica,
563 2026 616 2062 non
627 2010 675 2063 illa
703 2009 793 2064 uidem
805 2028 839 2064 ex
849 2011 952 2064 Arateis
964 2011 1110 2064 Dioscmsis
1120 2012 1224 2078 tralata,
1234 2020 1268 2066 ut

267 2091 331 2167 sunt
341 2082 483 2167 'Ciceronis
500 2088 527 2134 et
546 2081 648 2164 Avieni,
666 2028 712 2134 seii
722 2079 838 2163 ‘alterius
856 2081 977 2150 generis:
996 2082 1024 2134 in
1042 2098 1099 2164 quo¹
1113 2082 1189 2148 libro,
1206 2099 1266 2164 mco

261 2149 1043 2292 run
1054 2152 1268 2292 nictus

264 2294 324 2347 lum
334 2293 512 2362 interpretatio
525 2298 565 2346 est
573 2292 646 2345 Arati
657 2290 738 2345 fenne
747 2293 813 2344 κατὰ
825 2291 924 2351 addae:
944 2292 994 2345 uisi
1006 2294 1163 2362 prooemium
1174 2293 1207 2346 de
1219 2311 1268 2347 suo

266 2364 460 2486 prepunxisset,
473 2370 500 2416 et
517 2360 621 2416 fabulas
640 2362 721 2416 Arato
738 2363 851 2415 Intactas
868 2362 967 2428 leviter,
988 2379 1041 2415 non
1053 2370 1085 2416 ut
1103 2364 1221 2416 Avienus
1232 2379 1267 2416 cx

266 2451 388 2505 processo,
407 2434 543 2504 attigisset
580 2431 705 2503 Exempli
724 2449 805 2486 causa
824 2432 965 2499 sufficiant,
976 2433 1046 2488 illud
1065 2433 1137 2503 quod
1148 2433 1182 2487 de
1202 2435 1267 2488 Arc-

266 2505 403 2576 tophylaoe
414 2503 539 2612 habessive
547 2571 581 2612 illa
589 2572 736 2622 Arctophylax,
744 2572 866 2632 i⁶¹¹ss⁸⁰⁰¹³l
874 2573 900 2612 ob
908 2583 996 2613 munera
1003 2583 1070 2612 casus

490 2624 562 2663 Icariis
570 2629 661 2672 creptam
668 2623 836 2672 pensantndere
843 2625 915 2662 num.

268 2700 305 2754 Et
315 2699 385 2754 illud
396 2699 429 2754 de
441 2697 597 2752 Heniocho:

828 2765 1016 2809 statuissem

493 2818 561 2858 Natus
569 2818 726 2868 Eriphthoniua,
734 2817 771 2866 qui
778 2817 859 2867 primus
866 2819 964 2870 subjuga
971 2819 1032 2858 duxit

489 2868 648 2969 fifflmdm,
656 2879 693 2908 sau
702 2869 797 2919 Myrtoas
805 2868 910 2909 demersus
918 2869 940 2910 in
949 2869 1019 2909 undas

268 2997 374 3060 Quibus
396 2994 492 3048 similia
508 2995 537 3046 in
558 2994 616 3048 aliis
633 2993 713 3047 ferme
736 2993 849 3064 singulis
866 2993 991 3047 invenias.
1027 2993 1136 3047 Accedit
1153 2993 1270 3058 tertium,

268 3068 340 3138 quod
363 3066 482 3120 similiter
503 3066 647 3118 versionem
673 3064 742 3118 hanc
760 3081 814 3116 non
836 3081 891 3118 esse
909 3065 975 3117 κατὰ
993 3062 1077 3123 πόδας
1094 3063 1268 3134 persuadeat:

268 3137 341 3207 quod
353 3136 475 3189 videlicet
485 3136 532 3188 ubi
549 3135 648 3189 Aratus
665 3135 749 3188 obiter
759 3134 792 3188 de
803 3153 831 3189 re
849 3134 969 3188 nondum
984 3139 1096 3188 tractata
1106 3133 1209 3203 aliquid
1219 3135 1269 3187 im-

267 3209 367 3273 miscet,
384 3208 440 3277 ipse
458 3206 575 3262 ordinem
597 3212 712 3271 secutae,
734 3205 783 3258 hoc
805 3208 894 3277 ipsum
910 3205 939 3257 in
962 3204 1162 3257 commodiorem
1179 3205 1269 3258 locum

267 3277 446 3332 transtulerit:
466 3276 538 3345 quod
555 3276 688 3329 aliusnon
706 3276 916 3329 animadvertens
927 3275 998 3328 dicat
1007 3272 1073 3327 forte
1085 3292 1175 3328 versus
1185 3283 1271 3328 trans-

267 3349 409 3471 ponendos.
446 3345 607 3416 Exemplum
630 3346 697 3398 dabo
714 3346 798 3400 illud:
818 3346 963 3416 Postquam
975 3343 1014 3424 'de
1032 3345 1176 3399 Thuribuli
1187 3345 1271 3414 signis

279 3425 374 3473 ocutus
386 3425 425 3471 est
435 3418 542 3483 Aratus,
553 3417 706 3487 subjungit:

498 3486 528 3535 ut
535 3485 559 3536 δέ
571 3505 615 3538 κεν
626 3486 746 3552 ἑσπερίης
757 3486 804 3552 μὲν
815 3485 880 3544 ἁλὸς
891 3484 1017 3550 κεντάυρε
1029 3485 1108 3546 ἀπείη

493 3550 582 3617 Ὦμος,
593 3550 656 3601 ὅσον
668 3551 794 3619 προτέρης
806 3561 829 3601 et
840 3569 893 3616 quae
903 3561 1045 3616 sequuntur.

269 3643 444 3697 Germanicus
454 3641 531 3710 illud,
549 3650 690 3713 postquam
701 3642 734 3696 de
746 3643 873 3696 Centauri
885 3641 968 3695 sidere
977 3641 1084 3696 locutus
1095 3648 1142 3707 est,
1154 3639 1271 3712 explicat

269 3715 311 3768 his
323 3715 458 3768 versibus:

493 3782 536 3822 Hic
543 3784 629 3823 humero
637 3783 730 3822 medium
738 3781 833 3822 scindens
841 3781 879 3822 iter
887 3780 968 3821 etheris
976 3781 1020 3830 alti,

498 3832 521 3871 Si
529 3838 613 3872 tenuem
620 3833 684 3873 traxit
692 3835 775 3882 nubem,
783 3831 892 3882 stellasque
900 3832 992 3871 recondit

488 3883 548 3926 ,Toto
556 3883 624 3922 clarus
633 3895 694 3933 equo,
702 3883 808 3922 venientes
815 3882 902 3922 nunclat
909 3883 986 3921 Euros.

270 3960 374 4013 Similia
393 3961 485 4030 aliqua
503 3958 532 4008 ἐν
543 3961 601 4020 ταῖς
612 3957 807 4018 συνανατολαῖς
816 3958 858 4007 καὶ
870 3955 1030 4022 συνδυσμαῖς
1050 3957 1181 4010 invenies:
1206 3972 1270 4009 nam

267 4047 331 4084 cum
343 4030 448 4097 Aratus,
460 4031 530 4084 verbi
543 4031 635 4098 gratia,
647 4029 711 4083 dicit
718 4029 751 4082 de
759 4030 834 4098 signo
843 4029 933 4097 aliquo
945 4029 1064 4096 loquens,
1075 4028 1149 4080 sidus
1160 4027 1270 4096 aliquod

270 4100 410 4158 dimidium
423 4102 472 4156 sub
483 4101 530 4155 illo
542 4101 617 4170 signo
629 4100 697 4166 oriri,
717 4099 857 4154 dimidium
877 4101 925 4152 suh
945 4099 1072 4167 sequenti,
1094 4098 1271 4152 Germanicus
