2868 4848
619 593 767 640 ARATEA.

197 729 325 816 Cycnus
340 733 437 798 habet
447 736 559 820 juxta3
584 735 693 800 cubito
708 736 795 800 lucet
810 756 905 820 super
919 735 1024 820 ipsum

196 817 287 882 Nixa
301 841 388 902 genu
403 820 498 884 facies
514 832 546 884 et
560 821 670 904 primis
686 821 817 905 ignibus
832 821 970 905 Anguis.

195 902 323 986 Effugit
338 917 371 969 at
386 907 487 989 virgo:
511 918 601 971 totus
617 906 697 984 Le0,
713 918 801 972 totus
813 908 846 971 in
861 908 931 992 ipso

197 985 341 1066 Cancer3
365 991 405 1054 ab
420 992 535 1056 aversis
551 1013 678 1056 omucm
694 1003 779 1057 secat
793 993 847 1057 ille
863 993 1005 1058 Leonem
1141 996 1190 1048 470

197 1073 366 1153 Clunibus,
383 1076 563 1163 hirsutique
573 1078 686 1163 jubam
701 1100 759 1162 per
773 1079 911 1163 pectoris
927 1081 1006 1158 exit,

197 1159 319 1224 Cancro
335 1185 399 1246 qua
412 1162 538 1247 fulgent
553 1164 647 1240 oculi,
664 1187 723 1227 ceu
737 1165 848 1248 regula
862 1175 969 1229 currat

195 1243 258 1309 Per
273 1248 404 1325 medios,
417 1249 460 1312 sic
476 1249 566 1312 divisi
580 1249 681 1313 latera
697 1261 833 1334 utraque
849 1260 1005 1333 tangunt:

194 1330 264 1414 †Et
281 1332 429 1397 Geminis
444 1335 594 1398 humeros
609 1347 641 1398 et
655 1334 754 1399 Tauri
768 1336 889 1419 ungula
904 1337 1019 1400 dextra

194 1415 296 1481 Radit
313 1417 473 1503 Ophiuchi
488 1420 638 1484 humeros
653 1431 757 1485 vastos
771 1421 895 1504 fulgere
911 1423 1046 1486 notabis.
1140 1423 1188 1475 475

195 1501 295 1566 Hunc
311 1516 382 1568 octo
397 1506 432 1568 in
446 1516 552 1589 partes
567 1506 593 1569 si
608 1507 679 1590 quis
694 1506 836 1571 diviserit
851 1507 973 1583 orbem,

196 1587 352 1674 Quinque
367 1613 463 1675 super
478 1601 578 1655 terras
593 1613 718 1676 semper
732 1591 855 1676 fulgere
870 1593 1006 1669 notabit,

195 1674 284 1738 Abdi
298 1686 364 1739 tres
377 1677 482 1754 undis,
497 1677 684 1761 levibusque
700 1677 800 1742 latere
816 1679 876 1743 sub
892 1679 1022 1742 umbris.

195 1760 269 1824 Hoc
287 1760 444 1826 Cancrum
460 1763 567 1846 tetigit
583 1786 683 1847 quum
699 1763 796 1827 Titan
812 1764 897 1842 orbe,
915 1765 1027 1828 timeto

194 1847 358 1911 AEstatem
373 1848 515 1932 rapidam
532 1861 565 1913 et
580 1848 737 1913 solventes
753 1872 884 1935 corpora
899 1851 1036 1915 morbos.
1140 1851 1189 1899 480

193 1933 287 1996 Tunc
302 1932 400 1997 habet
415 1935 528 1997 aeterni
544 1957 654 1998 cursus
668 1935 796 2019 fastigia
810 1958 941 2001 summa.

192 2017 377 2103 Erectoque
391 2020 467 2104 polo
481 2021 609 2084 brevius
624 2043 690 2084 uon
705 2021 843 2105 applicat
859 2044 1002 2105 unquam

194 2101 380 2168 Candentes
396 2127 517 2169 currus.
562 2106 706 2171 Adverso
721 2107 851 2170 nittitur
866 2108 952 2187 orbe,

194 2188 283 2253 Dum
301 2200 411 2274 tangat
425 2202 549 2269 metus;
573 2214 693 2277 pronus
708 2192 884 2256 devolvitur
899 2193 985 2257 inde.

908 2277 1187 2324 [rsorrcusosrsrconur.

240 2323 304 2388 Hic
320 2324 435 2389 Boreae
450 2327 611 2411 proprior3
636 2327 812 2391 contrarius
829 2329 949 2412 excipit
965 2329 1116 2406 Austr0s3
1140 2332 1188 2378 480

194 2411 370 2494 AEgooeros
385 2423 486 2476 metas
501 2413 613 2476 hiemis
628 2412 813 2496 glacialibus
830 2413 970 2479 Austris.

192 2495 396 2582 AEstatisque
412 2508 503 2562 tenet
516 2500 684 2582 flagrantia
699 2499 801 2562 sidera
815 2497 947 2564 Cancer.

196 2580 269 2646 Hoc
283 2584 425 2647 medium
442 2584 528 2648 sidus
543 2585 637 2648 findit
653 2585 803 2649 devexior
818 2586 922 2662 orbis3

195 2667 374 2733 Fundentis
388 2670 498 2734 latices
512 2692 619 2753 genua
633 2671 791 2754 implicat3
814 2670 917 2756 illigat
931 2673 1022 2737 illum

196 2753 324 2819 Intorta
340 2754 454 2819 Pistris
466 2757 583 2833 cauda3
607 2757 726 2820 velocia
740 2779 831 2820 crura
1140 2763 1188 2810 490

196 2839 366 2925 Contingit
382 2839 529 2925 Leporis,
546 2840 644 2906 Canis
659 2843 764 2906 alvum
780 2844 905 2906 desecat
918 2842 1033 2922 imam;

194 2925 334 2992 Desecat
350 2938 384 2991 et
398 2950 494 2992 sacrae
508 2929 648 3012 speciosa
663 2928 817 3014 aplustria
830 2929 959 3013 puppis,

195 3011 414 3098 Centaurique
429 3014 577 3078 humeros
592 3025 624 3078 et
641 3014 794 3099 Scorpion
811 3015 923 3079 ultima
937 3015 1038 3079 cauda

196 3099 326 3183 Spicula
343 3110 565 3183 torquentem:
588 3122 723 3183 maguus
739 3101 834 3165 micat
850 3123 940 3164 arcus
954 3101 988 3163 in
1003 3100 1067 3168 illo.

136 3208 147 3220 ·
193 3183 275 3249 Inde
293 3186 415 3250 Austro
430 3186 575 3271 proprior
591 3186 646 3250 Sol
661 3198 709 3250 est
725 3186 888 3270 Aquilone
903 3186 1025 3264 relicto,
1139 3190 1187 3238 405

193 3270 239 3336 Et
254 3270 374 3355 gelidas
384 3271 506 3334 hiemes
519 3272 671 3336 hebetato
685 3273 805 3335 lumine
821 3283 939 3356 portat.

195 3357 306 3442 Hujus
322 3368 386 3421 tres
401 3357 478 3420 caelo
493 3368 601 3441 partes
616 3381 778 3441 assurgere
794 3381 914 3435 cernes,

195 3442 350 3528 Quinque
365 3443 469 3507 latent
484 3444 578 3506 undis
593 3455 626 3508 et
640 3444 735 3528 longa
748 3445 782 3506 in
798 3455 891 3508 nocte
905 3444 1062 3511 feruntur.

237 3528 309 3593 Hos
320 3531 406 3593 inter
417 3530 541 3595 medius
553 3530 641 3593 nullo
652 3531 756 3594 minor
765 3531 849 3594 orbis
860 3542 983 3614 agetur,
996 3541 1186 3576 annuamus.

194 3613 234 3678 In
251 3638 315 3700 quo
332 3638 432 3700 quum
448 3613 593 3679 Phoebus
607 3617 745 3680 radiatos
761 3616 881 3680 extulit
896 3617 998 3700 igneS,
1139 3620 1186 3666 500

193 3701 318 3766 Dividit
332 3702 449 3786 aequali
464 3702 567 3786 spatio
582 3715 772 3786 noctemque
788 3703 947 3786 diemque.

194 3787 250 3852 Bis
265 3789 349 3851 redit
364 3788 433 3850 haec
446 3788 552 3865 facies,
568 3787 684 3852 librato
699 3790 811 3864 sidere,
828 3790 959 3865 mund0,

194 3873 306 3939 Quum
320 3897 375 3937 ver
388 3872 560 3938 fecundum
576 3875 688 3958 surgit,
705 3897 805 3958 quum
821 3875 927 3937 deficit
942 3885 1034 3938 aestas
1047 3899 1055 3950 ;

196 3959 293 4043 Signa
310 3958 404 4023 Aries
420 3961 611 4045 Taurusque
627 3983 721 4044 aequo
737 3971 915 4044 tanguntur
930 3961 970 4024 ab
986 3961 1062 4024 orbe
1076 3986 1084 4038 ;

195 4043 258 4108 Sed
272 4046 420 4130 princeps
436 4046 531 4109 Aries
549 4057 634 4110 totus
649 4047 785 4130 fulgebit
797 4049 831 4110 in
846 4046 911 4123 illo,
1137 4046 1185 4092 505

195 4130 291 4196 Tauri
307 4155 430 4196 armum
445 4132 532 4196 subit
545 4144 578 4196 et
593 4133 670 4196 flexi
686 4134 749 4196 duo
765 4133 868 4196 sidera
883 4133 991 4196 cruris.
