2868 4848
247 559 292 626 tc
669 576 826 626 senonis.

249 720 341 788 colon
365 717 538 788 invenisset
562 717 597 784 in
622 719 713 796 mari,
741 717 814 784 ideo
840 716 940 782 Piscis
963 718 1064 782 cauda
1088 726 1243 782 notatam.

250 805 402 888 Nigidius
418 802 649 888 Capricornum
660 803 758 868 refert
771 804 945 868 immortali
956 804 1076 867 honore
1089 805 1245 868 donatum

250 913 315 976 quo
325 903 468 974 tempore
477 887 658 972 Typhonin
668 901 777 954 monte
787 889 895 954 Tauro
904 889 1088 973 speluncam
1098 890 1245 966 haberet,

250 989 284 1042 et
295 975 477 1060 AEgyptum
489 975 651 1052 incoleret,
667 975 707 1040 ab
722 974 743 1038 J
744 997 866 1058 oreque
881 997 1065 1040 concessum
1080 974 1246 1042 habuisset

250 1060 518 1148 quemadmodum
534 1060 593 1124 diis
607 1065 716 1144 posset
730 1060 893 1139 obsistere,
908 1083 981 1125 curn
1009 1061 1055 1124 eis
1077 1061 1246 1138 consilium

251 1148 417 1233 panderet,
433 1147 580 1230 sineque
595 1158 695 1210 terras
710 1146 892 1229 relinquere
907 1145 1038 1222 vellent,
1057 1167 1163 1229 neque
1179 1146 1246 1230 Ty-

250 1233 365 1334 phonis
373 1232 566 1296 immanitati
573 1231 720 1296 resistere
730 1231 775 1294 dii
785 1244 926 1316 possent,
938 1230 1117 1295 inconsulte
1127 1231 1246 1315 figuras

250 1329 513 1394 nnmutaverunt,
537 1317 569 1380 in
587 1337 684 1401 qnam
708 1317 780 1400 quis
802 1317 909 1394 vellet,
935 1339 993 1380 seu
1015 1317 1163 1393 bestiam,
1187 1339 1247 1381 sen

250 1403 421 1479 volucrem,
440 1423 500 1468 seu
514 1402 632 1487 piscem
647 1401 852 1486 pecudemve,
870 1402 1007 1500 Typhon
1023 1425 1057 1466 se
1071 1403 1105 1465 in
1118 1424 1247 1486 capram

252 1489 511 1566 transmnthsset3
523 1488 1071 1572 itaqueimmortalesfigunsignotis
1080 1487 1246 1572 Typhonis

251 1584 327 1640 ante
351 1574 459 1638 oculos
482 1574 593 1638 crebro
618 1573 846 1652 versabantur3
870 1575 955 1638 unde
979 1573 1081 1637 adhuc
1104 1573 1246 1637 maxime

251 1681 310 1744 pro
325 1659 385 1724 diis
410 1659 527 1724 multas
553 1659 671 1724 bestias
692 1659 862 1724 observant
888 1660 1061 1744 coluntque
1084 1657 1245 1744 AEgyptii.

252 1745 300 1810 Et
314 1767 387 1810 cum
400 1745 487 1810 verrit
501 1744 652 1830 Typhoni
666 1745 828 1809 neminem
842 1746 973 1809 deorum
988 1746 1158 1824 adversari,
1172 1745 1247 1808 sibi-

252 1843 320 1898 met
334 1831 624 1913 vacuamcognovit
647 1829 894 1907 dominantibus,
920 1830 1093 1894 arbitratus
1113 1831 1189 1894 deos
1211 1853 1246 1906 se

252 1916 381 1992 veritos,
395 1925 527 2000 propter
541 1927 684 1978 metum:
707 1915 929 1980 dominabatur
939 1916 1095 1999 imperitis
1106 1917 1246 1980 fortunae

253 2002 418 2078 varietate,
434 2012 468 2064 et
482 2000 615 2084 periculi
629 2001 850 2083 magnitudine
863 2002 1026 2065 instantis.
1072 2001 1158 2065 Nam
1172 2013 1247 2085 post

255 2085 475 2152 XVIIIdies
497 2086 613 2152 dicitur
627 2087 794 2151 consilinm
809 2087 849 2152 de
864 2110 903 2150 eo
917 2098 1049 2170 repente
1065 2109 1084 2150 a
1100 2088 1159 2151 diis
1182 2087 1248 2150 fac·

253 2185 325 2250 turn
338 2184 376 2236 ut
389 2172 623 2238 interficeretur
635 2197 643 2248 ς
668 2172 712 2236 ob
726 2171 822 2256 idque
836 2193 940 2256 usqne
948 2172 1042 2236 hodie
1054 2173 1087 2236 in
1101 2171 1248 2256 AEgypto

253 2259 312 2324 hos
327 2258 406 2337 dies,
420 2257 455 2321 id
469 2269 519 2321 est
533 2257 676 2334 XVIII,
692 2256 790 2322 festos
805 2269 972 2342 perpetuo,
998 2258 1090 2322 annis
1113 2257 1248 2341 singulis

254 2345 485 2420 instituerunt3
506 2343 542 2408 in
567 2343 684 2427 quibus
715 2343 827 2408 diebus
854 2343 910 2427 qui
933 2343 1085 2422 nascitur,
1111 2345 1248 2428 amplius

253 2423 353 2514 quiam
366 2451 420 2492 eos
436 2451 501 2492 non
511 2429 598 2492 vivit.
644 2428 672 2491 T
717 2429 782 2492 hon
794 2439 901 2492 autem
911 2429 1044 2492 fulmine
1056 2429 1249 2494 interficitur

255 2517 295 2580 ab
312 2514 475 2600 Apolline,
490 2513 660 2598 intemplo
765 2515 813 2599 pti
830 2513 1005 2598 Memphis,
1020 2515 1076 2580 ubi
1089 2537 1159 2578 mos
1184 2515 1249 2579 lirit

254 2601 335 2666 solio
349 2600 437 2682 regio
452 2599 594 2664 decorari
607 2622 698 2682 reges
714 2602 770 2684 qui
789 2600 977 2683 regnabant.
1022 2598 1074 2664 Ibi
1094 2601 1180 2663 enim
1199 2625 1249 2665 sa·

255 2686 315 2750 cris
329 2685 540 2750 initiabantur
554 2686 703 2770 primum,
716 2697 754 2749 ut
764 2686 889 2765 dicitur,
899 2708 1001 2769 reges,
1013 2685 1089 2749 satis
1099 2685 1248 2768 religiose

255 2771 407 2837 tunicatI:
432 2779 465 2835 et
479 2769 584 2835 Tauro
597 2793 692 2855 quem
705 2770 802 2855 Apim
811 2794 852 2856 ap
877 2771 986 2847 ellant,
995 2772 1110 2856 jugum
1119 2784 1248 2855 portare

254 2857 303 2922 fas
318 2868 398 2933 erat,
415 2878 512 2940 quem
522 2856 618 2922 deum
632 2856 809 2922 maximnm
862 2857 974 2941 'gyptii
989 2857 1186 2934 existimant,
1214 2869 1249 2921 et

254 2965 313 3027 per
325 2943 428 3006 vicum
443 2963 543 3006 unum
557 2942 641 3020 duci,
654 2955 691 3006 ut
701 2943 797 3026 periti
812 2942 1052 3022 existimabant,
1066 2943 1174 3006 labore
1186 2942 1247 3006 hu-

254 3051 359 3094 manae
370 3028 576 3108 necessitatis,
591 3041 628 3091 nt
639 3029 797 3092 crudelius
813 3050 885 3112 quas
897 3028 957 3091 sub
973 3029 1018 3092 eis
1033 3028 1098 3092 sint
1112 3028 1249 3092 abutan-

255 3125 319 3178 tur.
366 3114 544 3180 Deducitur
556 3125 663 3178 autem
678 3137 698 3178 a
708 3115 869 3180 sacerdota
892 3113 985 3177 Isidis
997 3113 1037 3180 ¹in
1052 3114 1170 3191 locum,
1192 3115 1250 3199 qui

254 3200 438 3264 nominatur
452 3199 588 3283 AdytoS,
605 3212 639 3264 ct
648 3200 857 3285 jurejurando
877 3200 1025 3283 adigitur,
1042 3221 1145 3284 neque
1159 3222 1250 3263 men-

255 3307 333 3367 sem,
347 3307 452 3370 neque
463 3285 551 3362 ,diem
566 3285 830 3364 intercalandum,
855 3307 952 3370 quern
972 3286 1007 3348 in
1026 3285 1143 3350 festum
1165 3283 1250 3349 diem

254 3372 473 3451 immutarent,
495 3373 550 3437 sed
577 3370 773 3436 CCCLXV.
799 3371 866 3436 dies
881 3381 1076 3455 peracturos,
1101 3371 1184 3436 sient
1198 3371 1249 3434 in-

256 3457 406 3522 stitutum
433 3467 482 3520 est
505 3458 546 3521 ab
572 3458 722 3543 antiquis.
768 3457 832 3520 Sed
857 3457 912 3520 illo
934 3469 1141 3533 revertamur,
1162 3457 1249 3520 unde
1285 3495 1287 3501 ·

256 3543 389 3626 digressi
398 3565 518 3608 sumus.
538 3541 653 3626 ⁴Igitur
664 3543 709 3606 dii
719 3553 831 3626 postea
842 3565 938 3628 quam
949 3542 1139 3626 Typhonem
1150 3555 1251 3627 p'oena
1294 3579 1307 3590 .

256 3629 432 3692 affecerunt
447 3640 480 3692 et
493 3629 734 3708 interfecerunt,
748 3641 857 3692 sancta
866 3640 1021 3692 astrorum
1033 3629 1184 3691 memoria
1195 3629 1250 3692 de-

234 3771 236 3776 .
256 3726 455 3792 coraverunt,
466 3733 499 3778 et
510 3715 540 3778 ei
551 3712 834 3798 nomenAEgyptii‚
843 3714 1249 3800 AEgipanaimposuerunt,

257 3801 425 3885 quodcum
441 3800 523 3864 tanti
538 3801 581 3864 dii
593 3824 627 3864 se
643 3802 676 3864 in
686 3800 804 3865 bestias
816 3800 1054 3877 convertissent,
1065 3799 1203 3883 Typhon
1215 3823 1250 3864 se

256 3887 290 3949 in
306 3884 445 3970 Capram
465 3886 722 3969 transfigurabat,
751 3886 967 3971 oppidumque
991 3886 1195 3969 magnificum
1214 3886 1251 3949 in

257 3969 402 4055 AEgypto
415 3972 663 4051 aedificaverunt,
686 3971 771 4057 quod
796 3972 976 4055 Panopolin
999 3972 1249 4056 appellaverunt.

258 4057 370 4122 Habet
385 4068 492 4122 autem
508 4058 625 4140 stellas,
640 4058 673 4122 in
689 4057 821 4141 singulis
837 4058 986 4122 cornibus
1002 4056 1091 4138 duas,
1110 4056 1145 4120 in
1166 4057 1251 4120 nari-
