2902 4838
646 527 791 563 nrruumx.
1188 529 1217 560 09

224 652 324 702 foribus.
358 651 397 702 Ita
415 651 584 702 emaculandae
603 668 644 701 eos
664 653 804 702 Germanici
823 669 906 702 versus
924 655 1075 714 arbitramur,
1093 653 1217 717 inquibus

225 733 270 766 nec
281 719 384 780 ipsemet
395 718 503 780 Scaliger
513 718 582 766 nobis
593 718 717 776 satisfacit,
737 720 779 767 sed
790 735 835 768 nec
845 720 874 767 de
887 719 948 768 clavi
960 721 1081 768 Laconica
1092 720 1218 768 Theonem

225 798 256 830 ex
267 783 354 830 Plauto
366 783 480 832 refutans.
514 783 539 830 N
540 799 580 830 am
593 783 621 830 de
632 784 750 840 exteriore
761 792 785 831 et
796 784 910 832 interiore
921 785 979 834 ierae
990 784 1156 841 collocatione,
1168 801 1219 834 non

225 846 348 896 valvarum
359 848 502 896 deductione
511 848 627 910 loquitur.
661 849 748 912 Neque
768 849 897 912 quicquam
915 857 998 898 contra
1017 851 1075 898 tacit
1092 851 1159 898 locus
1172 851 1218 898 Co·

225 913 291 960 mici.
326 913 430 960 Bnnrn.
442 913 505 962 Adv.
517 913 625 961 XXXV.
637 929 657 962 c.
669 916 705 970 14,
717 930 739 976 p.
750 915 819 961 1613.

258 979 313 1025 200.
330 976 433 1026 Piacula
453 976 548 1040 aratris]
567 977 607 1026 Ad
625 979 722 1026 Manilii
743 995 765 1028 v.
777 981 832 1039 541,
852 979 966 1028 adscribit
984 979 1099 1042 Scaliger,
1118 979 1219 1028 Victima

220 1057 267 1104 pro
284 1046 355 1101 actia
374 1043 497 1106 piaculum
516 1043 686 1092 succidaneum
698 1043 808 1092 stultitiae
818 1045 910 1102 matris,
929 1052 1108 1109 propterquam
1121 1060 1218 1094 necesse

224 1108 272 1156 fnit
292 1109 349 1156 dare
370 1116 440 1156 natos
463 1109 532 1159 Ceto.
565 1109 637 1157 Unde
656 1109 817 1158 Germanicus
834 1109 863 1158 de
883 1110 1050 1159 Andromeda:
1068 1113 1155 1158 muita
1171 1125 1221 1158 aaa

219 1171 287 1234 juata
296 1174 395 1235 piacula
407 1176 499 1224 matris.

258 1240 312 1285 202.
333 1238 435 1286 Obscura
452 1238 493 1286 sub
510 1245 577 1286 nocte
594 1237 660 1301 licet]
679 1238 853 1287 broeokhusiur
864 1239 890 1286 iu
901 1239 964 1286 notis
976 1237 1006 1286 ad
1016 1237 1124 1301 Propert.
1141 1239 1182 1287 lib.
1196 1238 1219 1287 1.

225 1302 287 1364 eleg.
300 1302 346 1350 IX
364 1319 388 1351 r.
402 1306 440 1360 30,
460 1319 484 1366 p.
496 1305 536 1361 36,
555 1304 697 1352 Ciceronem
709 1305 735 1352 in
751 1303 793 1352 lib.
805 1303 842 1352 ΙΙ.
853 1305 883 1352 de
893 1310 944 1352 nat.
956 1303 1031 1353 Deor.
1048 1319 1068 1352 c.
1079 1306 1119 1362 43,
1137 1311 1218 1353 nostro

227 1383 276 1415 non
288 1383 421 1432 repugnare
433 1369 588 1416 demonstrat.

258 1434 313 1480 205.
330 1433 378 1481 Sed
391 1449 464 1496 pana
476 1432 558 1492 facies
574 1432 692 1495 runuuet]
712 1433 751 1482 Sic
770 1433 903 1481 Manilius:
920 1434 971 1480 Nec
985 1436 1064 1482 miuus
1075 1440 1097 1481 et
1108 1435 1219 1482 scalarum

217 1499 285 1558 socie
305 1512 427 1561 rerumque
445 1499 548 1546 tumultu
569 1497 692 1546 Gaudebit.
727 1497 810 1546 Facies
821 1500 933 1546 scelerum
943 1505 979 1547 est
990 1499 1129 1560 figurarem
1141 1500 1219 1560 ipsam

224 1564 318 1625 spirans
336 1564 445 1625 proxima
463 1563 563 1612 veritati.
597 1564 751 1611 Contrarium
768 1572 804 1611 eat
822 1564 924 1626 species,
940 1564 1005 1625 quod
1023 1564 1140 1612 nimirum
1158 1564 1219 1610 nihil

224 1627 332 1675 veritatis
344 1629 422 1676 habet.
457 1629 563 1677 Banru.
574 1628 677 1676 Advers.
688 1628 749 1676 VII.
760 1644 782 1676 c.
792 1629 815 1686 6,
828 1643 851 1689 p.
862 1630 916 1676 323.

258 1695 313 1741 209.
330 1692 482 1757 rituasulpet
494 1692 578 1757 equus]
597 1692 676 1740 Aldus
687 1694 814 1755 scripserat
824 1693 884 1741 Albo
895 1697 1014 1754 corrupto.
1047 1691 1138 1741 Aratus
1154 1694 1220 1741 enim

224 1757 298 1805 habet
309 1755 399 1822 γαςὲρι
411 1757 516 1823 νειαίρῃ.
534 1759 607 1806 Mon.
645 1760 702 1805 Tres
713 1773 790 1806 amnas
801 1764 823 1806 ct
835 1759 910 1806 latera
920 1761 999 1821 aquis,
1011 1756 1063 1818 bra]
1079 1757 1151 1804 Armi
1163 1765 1220 1806 sunt

224 1822 251 1870 in
262 1839 331 1885 equo,
343 1825 386 1885 qui
398 1823 493 1871 humeri
504 1831 546 1871 aut
556 1822 660 1886 scapulae
672 1825 698 1871 in
708 1822 815 1871 homine.
849 1824 911 1872 Vide
922 1823 975 1870 haec
987 1824 1066 1880 verba,
1077 1830 1101 1870 et
1109 1824 1220 1886 exempla

225 1887 295 1950 plura
306 1889 332 1936 in
344 1888 449 1936 Bnnrrr.
461 1889 562 1936 Advers.
573 1888 671 1936 XLIX.
683 1903 704 1937 c.
717 1889 738 1945 7,
749 1903 773 1950 p.
784 1890 854 1946 2292,
862 1905 911 1952 seq.

258 1955 313 2001 212.
333 1951 387 2010 Qud
396 1951 477 2016 janu]
495 1952 648 2012 Nomeuseri
659 1953 690 2000 ad
700 1953 833 2001 Arabicum
849 1976 917 2029 pm
931 1953 1022 2016 pbarus
1033 1951 1139 2000 alludere
1151 1959 1221 2015 putat

226 2029 361 2080 Bochartus
373 2031 472 2080 Hieron.
491 2031 532 2079 lib.
546 2030 583 2080 II.
604 2047 624 2080 c.
637 2033 660 2090 6,
680 2047 703 2094 p.
716 2031 755 2079 99.
791 2031 863 2081 Quod
875 2031 986 2094 equidem
997 2029 1124 2078 fortuitum
1135 2030 1219 2078 malim

227 2097 330 2144 credere.

259 2163 314 2209 224.
332 2161 390 2208 Iade
401 2161 478 2208 subest
488 2158 556 2208 Aries
568 2165 608 2224 qui
620 2162 685 2224 braye
695 2163 801 2208 murima
812 2166 902 2208 torrem
916 2159 993 2217 Orbis,
1008 2165 1031 2207 et
1040 2161 1154 2222 adfinem
1164 2175 1220 2222 spc-

226 2228 258 2272 cii
273 2242 320 2274 aaa
336 2229 428 2289 sequior
438 2225 519 2272 boram
537 2229 649 2274 Peruenit
659 2233 682 2273 at
692 2227 785 2290 quaudo
792 2229 900 2289 praviore
913 2223 1136 2287 Lycaoniadrctoa]
1155 2225 1220 2272 Scri·

227 2291 334 2338 bendum
344 2290 411 2338 nullo
422 2291 518 2352 negotio
530 2291 638 2348 arbitror,
646 2299 674 2339 ut
684 2292 749 2339 clara
758 2298 782 2338 et
791 2291 919 2353 perspicua
929 2298 999 2337 exeat
1009 2291 1142 2337 sententia:
1160 2290 1220 2337 Iade

226 2353 302 2402 subeat
312 2355 380 2404 Aries
391 2359 431 2418 qui
442 2357 508 2417 loupe
518 2358 624 2404 murima
635 2364 726 2404 tomeun
737 2355 815 2412 Orbis,
827 2361 853 2401 at
863 2353 896 2401 ad
901 2355 979 2415 fidem
989 2356 1063 2416 spacii
1073 2371 1120 2402 uon
1127 2359 1221 2416 sequior

227 2420 310 2468 boram
319 2420 446 2474 Perueaict
457 2436 527 2482 quam
533 2427 588 2468 actu
595 2420 697 2468 breuiore
709 2421 826 2482 Lycaonis
831 2425 916 2467 arctos.
948 2419 1062 2467 Maxima
1070 2419 1221 2482 ampIIssima

226 2486 307 2548 spacIa
317 2486 375 2533 dicit
385 2485 583 2547 longissimeque.
618 2487 657 2533 Sic
670 2486 778 2533 Avienus
789 2486 814 2532 in
827 2485 910 2532 eodem
921 2484 1062 2532 asterismo:
1083 2483 1157 2531 Haud
1164 2501 1220 2546 pro·

227 2551 266 2598 cul
284 2556 347 2599 astro
368 2550 434 2598 Visus
451 2553 505 2613 equi
521 2567 606 2613 acapna
624 2552 710 2598 cabum
727 2556 790 2597 secat
808 2565 864 2596 acra
884 2555 956 2596 motu.
995 2548 1097 2596 Turrem
1108 2558 1219 2597 ruentem

226 2631 315 2694 magna
326 2615 350 2663 vi
357 2616 494 2730 gignificat.
528 2615 651 2692 Lucanus,
670 2617 712 2728 lig.
728 2614 911 2690 Vllsfibstulit
929 2616 1100 2726 inigiltism
1117 2620 1221 2725 porrecte

225 2696 315 2728 mutuus.
383 2696 439 2729 nare
460 2695 515 2728 eam
535 2696 618 2729 vocem
640 2697 666 2728 ιιι
714 2695 833 2728 ermanrco
855 2695 903 2726 non
924 2694 966 2726 mu
993 2695 1076 2726 renni.
1117 2695 1220 2728 tamma

227 2753 308 2793 autem
325 2746 452 2793 sententiae
463 2753 499 2793 est
511 2746 619 2794 Arietem
637 2761 754 2807 magnum
773 2747 853 2792 orbem
873 2752 923 2791 tam
940 2745 987 2792 cito
1003 2745 1125 2806 perficere,
1144 2760 1219 2807 quam

227 2813 319 2858 Arcton
333 2811 463 2858 minutum.
497 2809 607 2858 Avienus
624 2819 651 2858 ut
668 2814 772 2858 Aratum
789 2826 837 2858 non
856 2809 954 2856 afferam
973 2810 1086 2857 omnibus
1105 2810 1218 2858 obvium:

231 2875 299 2922 'I'um
310 2876 371 2922 celer
381 2877 421 2923 itte
432 2875 499 2922 Aries
515 2877 578 2937 ioupi
594 2879 635 2938 qui
652 2875 736 2924 ilmitie
754 2875 807 2923 orbe
825 2874 929 2922 AEtbera
942 2890 1081 2937 percurrens
1098 2889 1220 2936 uunquam

229 2940 390 3002 Cynosuridos
405 2955 463 2988 ursa
483 2943 580 3002 Scprrior
597 2940 696 3004 ablapsu
714 2943 864 2988 conuertitur.
897 2939 1117 2988 BeuumAdvers.
1129 2939 1219 2988 XXII.

228 3020 250 3052 c.
263 3007 300 3062 12,
330 3006 417 3054 .1094.

261 3021 328 3117 235.P
336 3071 434 3118 Douum
455 3069 498 3118 boc
519 3069 586 3133 Nili]
613 3071 711 3128 Seneca,
732 3071 774 3119 lib.
786 3068 832 3118 IV.
851 3075 900 3116 nat.
933 3068 1026 3119 Quaest.
1044 3085 1064 3117 c.
1078 3071 1100 3126 2,
1119 3085 1143 3132 p.
1154 3069 1217 3118 698:

226 3135 300 3182 Nilus
316 3135 384 3182 illato
405 3136 461 3183 timo
479 3151 564 3182 arunas
581 3141 673 3184 saturat
689 3151 718 3183 ac
730 3135 821 3198 juupit.
852 3134 972 3197 Debetpuc
989 3135 1027 3182 illi
1042 3135 1162 3196 AEppptua
1172 3150 1221 3182 uua

227 3205 319 3248 tautum
321 3201 475 3262 fertilitatem
488 3205 611 3258 terrorum,
620 3201 659 3248 sed
667 3202 738 3262 ipm
771 3199 840 3248 Adde
850 3199 986 3247 Diodorum
995 3199 1219 3248 Sicul.Bib1iothec.

227 3263 269 3312 lib.
282 3265 335 3312 III.
347 3265 399 3312 init.
411 3272 435 3312 et
445 3265 549 3313 eundem
559 3265 630 3313 illum
642 3266 758 3313 Senecam
770 3265 828 3313 Nat.
840 3264 932 3314 Quaest.
945 3264 990 3310 VI.
1001 3279 1024 3311 c.
1032 3265 1072 3312 26.

260 3329 315 3377 236.
335 3329 455 3378 Divitibus
465 3336 600 3378 carceratum
611 3329 678 3378 Indis
688 3333 714 3378 iu
725 3331 777 3378 sede
788 3327 889 3391 aotdrit]
903 3329 942 3376 Ita
948 3327 1013 3376 enim
1025 3329 1218 3387 emaculandum,

227 3409 284 3442 cum
293 3394 445 3443 Basileenses
455 3394 510 3442 libri
520 3395 646 3457 imponant
652 3395 728 3453 nobis,
736 3397 806 3444 uadis
812 3394 969 3458 praelerendo.
1003 3394 1109 3442 Bnnnn.
1118 3393 1218 3442 Advers.

227 3459 309 3508 XXV.
328 3475 350 3507 c.
362 3460 385 3518 7,
404 3475 427 3522 p.
441 3459 511 3510 1227.
546 3460 616 3508 Nihil
625 3461 697 3508 babet
708 3460 778 3510 lectio
789 3459 912 3525 proposita
922 3475 937 3506 a
949 3459 1042 3517 Grotio,
1054 3474 1097 3506 cur
1110 3459 1220 3506 Bartbia·

227 3540 284 3572 uam
294 3528 316 3572 ei
326 3525 480 3587 praeferamur
490 3525 660 3586 conjecturam.

260 3590 316 3638 239.
335 3592 400 3638 Hinc
410 3588 490 3652 Aries]
508 3589 595 3647 Aldus,
607 3590 679 3638 Huuc
690 3588 766 3640 Aries.
799 3590 888 3637 Itidem
900 3589 929 3636 de
940 3589 1055 3650 piscibus,
1072 3586 1146 3635 Hunc
1155 3586 1220 3636 ultra

226 3659 315 3718 qmaiui
321 3655 514 3718 pinara—Mon.

260 3721 314 3768 246.
335 3721 428 3770 Nodum
437 3721 505 3768 stelio
512 3718 612 3783 premit]
631 3719 735 3768 Aldinus
746 3719 821 3767 codex
832 3718 906 3780 legit:
924 3717 1035 3766 Nondum
1051 3718 1119 3766 stella
1133 3720 1221 3781 premit

223 3787 297 3846 piscis
318 3789 360 3849 qui
378 3788 473 3848 respicit
494 3800 574 3844 auras,
605 3784 721 3833 ibreiciae
742 3785 849 3832 dextram
870 3783 1021 3832 Andromeda
1041 3788 1169 3830 comuntur
1189 3783 1223 3830 ad

227 3850 423 3899 ulnam-Mon.
639 3851 640 3854 ’

260 3916 315 3964 249.
333 3915 429 3977 Jupiter
439 3915 503 3977 apud
514 3915 650 3963 Homerum
663 3913 764 3966 Iliad-lii
774 3915 805 3964 de
815 3914 914 3961 Danai:
932 3909 962 3958 ‘H
971 3910 1024 3960 τέκε
1037 3911 1143 3975 Περσῆα
1151 3909 1218 3958 πάν-

228 3996 280 4028 των
292 3977 443 4044 ἀριδείκετον
456 3977 563 4044 ἀνδρῶν.
906 4043 911 4053 ⁵
974 4042 979 4052 Ι
1125 4041 1130 4050 Ι

259 4047 314 4094 268.
330 4046 415 4094 Ventus
429 4049 604 4111 superimminet
621 4044 712 4108 auster]
731 4044 820 4094 Nescio
836 4043 893 4107 quid
904 4058 930 4090 ιιι
941 4057 1021 4090 animo
1032 4041 1143 4090 babuerit
1155 4041 1226 4104 Ger-¹
