2902 4838
511 584 546 620 tu
558 585 736 621 suasoribus
749 585 865 621 narras.
1159 573 1201 622 xix

206 707 306 758 Annott.
317 709 368 760 odit
378 710 436 759 leva
446 709 478 760 G.
488 709 540 759 obit
550 711 631 760 lavant
643 711 670 760 P.
682 711 733 759 odit
745 711 827 760 loeaom
837 711 867 759 de
883 725 906 774 g.
924 725 989 774 susp.
1002 711 1026 762 b.
1038 710 1066 759 iu
1076 715 1201 760 contextu.

237 841 293 889 165.
313 842 403 888 Nuntia
414 843 442 887 A.
451 845 551 902 putatas
562 841 682 890 P.—OR.
1275 867 1278 872 ¹

237 905 291 952 166.
308 905 454 953 Natrisesse
464 906 484 952 J
485 906 545 966 ovis)
556 906 616 954 adde
626 906 753 968 Hyginum
760 905 828 954 Pobt.
837 902 936 952 Astron.
945 905 985 953 lib.
994 904 1032 954 II.
1041 903 1067 952 in
1081 904 1201 953 Henioch.

202 975 227 1016 et
237 970 319 1030 ipsum
329 973 439 1018 Aratum.
452 970 512 1018 item
523 971 639 1019 Ovidium
651 970 744 1019 Fastor.
768 970 798 1017 V.
810 971 944 1017 111-128.
979 969 1106 1029 Manilius,
1115 985 1136 1017 v.
1148 971 1201 1019 129.

205 1035 285 1082 016616
304 1050 400 1082 sanans
415 1050 554 1097 prcprcssos
572 1037 663 1084 tollitur
674 1036 758 1094 badas,
769 1033 852 1096 Officio
863 1037 943 1096 nmpna'
955 1040 1032 1082 mater
1041 1035 1118 1083 Jooa.
1152 1036 1202 1083 Illa

204 1098 310 1146 Tonanti
322 1098 487 1147 Fundamenta
499 1101 569 1159 dedit,
580 1107 704 1164 pectusque
714 1102 820 1164 implevit
831 1099 919 1147 biantis
929 1099 1151 1148 16616666-011.

236 1165 291 1215 167.
311 1164 404 1226 Capra)
427 1165 566 1212 lactantius
586 1166 665 1213 lnetit.
684 1164 704 1211 l.
721 1180 742 1212 o.
761 1167 800 1212 21.
819 1181 838 1212 6.
856 1166 896 1212 38.
910 1164 1008 1226 Capella
1027 1170 1061 1212 661
1071 1162 1201 1214 Amalthea

200 1227 326 1292 Nympha,
343 1241 393 1290 qua
404 1228 514 1277 61661666
524 1233 572 1278 sois
583 1231 644 1278 61611
653 1231 766 1290 inffintem
780 1229 873 1277 donem.
907 1229 1029 1277 sedidem
1040 1245 1084 1292 pro
1096 1244 1145 1277 666
1151 1245 1199 1292 pu·

200 1298 264 1340 tator
275 1293 333 1341 citat
342 1293 386 1341 illa
393 1296 589 1356 matun-or..

235 1358 290 1408 168.
312 1358 723 1420 0661661616166)1166661366,
742 1363 763 1405 te
780 1364 862 1420 pectet.
897 1357 1066 1420 Manuscripto
1078 1359 1201 1407 consentit

202 1421 345 1470 Lactantius
358 1422 468 1485 diligens,
487 1433 514 1471 ut
524 1425 627 1480 videtur,
639 1431 664 1471 et
676 1423 751 1471 videri
764 1423 849 1481 voluit,
863 1423 1003 1470 Germanici
1020 1422 1107 1478 lecton
1126 1439 1200 1484 quem

200 1487 255 1535 vide
268 1487 320 1536 aar.
332 1487 349 1534 1
355 1487 383 1534 dc
387 1489 455 1547 serbo
474 1487 553 1551 Relip.
571 1504 589 1536 6.
602 1489 642 1536 at.
662 1504 680 1536 s.
693 1489 732 1536 38.
768 1488 1133 1536 Gnor.-SCH.-—Grotnm
1153 1494 1199 1536 tes·

199 1550 279 1609 totnr]
291 1553 402 1600 Lactaut.
415 1555 472 1600 lnst.
490 1553 509 1610 1,
521 1556 560 1602 21.
577 1553 686 1616 AEGgs.
694 1559 791 1615 protam
803 1559 825 1601 te
834 1557 910 1615 pectet
922 1553 972 1600 FP.
1006 1551 1089 1600 Sidere
1099 1559 1200 1602 testatur

200 1632 251 1679 quta
264 1618 327 1664 claro
337 1622 433 1678 protam
443 1616 475 1665 al.
485 1619 536 1665 1).-
542 1618 598 1667 OR.

234 1682 288 1730 169.
305 1682 378 1729 Hanc
399 1686 484 1744 aare'qa
494 1683 590 1731 lamera
601 1689 650 1730 tom
659 1685 729 1744 perit,
739 1697 768 1729 oe
778 1697 862 1730 monas
873 1680 957 1741 badas)
971 1681 1009 1728 Ita
1019 1681 1120 1744 vulgati.
1146 1682 1199 1730 Ma-

198 1747 338 1809 nusoriptus
351 1749 423 1793 Hanc
433 1749 518 1810 antipa
527 1749 623 1796 bnmero
631 1753 738 1809 pmtons,
748 1750 775 1796 in
784 1747 891 1795 ntanibas
901 1746 986 1802 badas,
997 1755 1081 1794 contra
1092 1763 1198 1807 versum,

198 1811 247 1857 nisi
258 1811 323 1859 dicas
335 1811 438 1859 16616616
449 1809 621 1860 etimmnnilms
632 1812 771 1875 legendum,
782 1813 846 1874 quod
858 1827 906 1858 non
917 1819 985 1873 puto.
1019 1810 1106 1874 Itaque
1118 1814 1199 1861 mistis

198 1874 344 1924 lectionibus
365 1876 475 1938 conjicio,
487 1877 559 1926 Hanc
576 1880 660 1938 antipa
671 1876 768 1925 lamera
782 1883 882 1939 portans
894 1880 964 1939 perit,
976 1883 1002 1924 ct
1018 1876 1198 1926 menoetiades.

200 1940 288 1989 Gnor.
322 1941 448 1988 Humerus
459 1941 535 1990 laevus
546 1942 586 1989 bic
596 1942 747 2004 intelligitur.
775 1943 873 1989 Aratus.
908 1941 942 1988 Et
953 1941 1010 2003 quia
1021 1948 1127 2003 caputet
1138 1943 1196 1991 dex-

199 2011 264 2052 trum
271 2005 356 2068 pedem
366 2006 396 2052 ab
405 2006 506 2054 humero
517 2007 603 2054 avertit
612 2022 690 2068 capra,
703 2013 790 2056 tortam
798 2007 885 2055 merito
892 2007 1197 2069 praeoptavimus—8011.

199 2071 373 2119 —Hantero
384 2074 541 2133 1ο166696611,·
558 2070 691 2134 61616666]
705 2072 754 2120 FP.
767 2071 890 2119 firmantes
901 2087 925 2133 g.
936 2086 1010 2133 susp,
1022 2071 1064 2132 qui
1075 2071 1110 2120 sic
1123 2073 1196 2132 dedit,

198 2135 255 2190 sed;
272 2151 301 2182 ac
312 2149 354 2197 pro
365 2141 397 2183 at.
410 2135 507 2195 (tortam
517 2137 621 2184 mutavit
631 2138 657 2182 in
665 2136 710 2184 bac
721 2137 776 2184 lect.
785 2136 816 2196 s.)
825 2151 905 2184 amero
913 2141 987 2183 totam
995 2138 1057 2198 perit
1068 2136 1100 2183 ad
1112 2153 1198 2186 monas

198 2199 231 2246 A.
242 2199 338 2248 lamera
345 2206 442 2262 portans
456 2203 482 2248 in
500 2201 607 2248 manibus
619 2201 677 2249 EG.
689 2200 785 2250 barnem
800 2207 903 2264 portans
918 2207 944 2249 at
954 2200 1063 2249 titanibus
1072 2201 1096 2249 b.
1108 2201 1134 2248 in
1145 2203 1198 2252 Au·

198 2271 258 2312 nott.
271 2270 352 2312 tamen
363 2265 465 2326 probans
476 2274 583 2313 nostram
593 2266 705 2313 loct-0
710 2267 741 2315 R.

235 2330 288 2378 170.
308 2329 356 2377 Ubi
366 2329 430 2390 illos)
439 2330 477 2378 lta
489 2331 669 2393 Manuscriptus
680 2331 777 2394 optime.
811 2330 911 2394 Vulgati
922 2333 949 2378 in
962 2330 1040 2388 andis,
1047 2330 1116 2379 nulla
1127 2331 1195 2382 simi·

197 2392 303 2442 litudine
312 2402 355 2442 aut
364 2395 471 2443 veritate.
505 2396 590 2443 Altero
600 2411 669 2443 versu
679 2397 783 2458 pessime
794 2395 984 2458 Manuscriptus,
997 2396 1030 2443 od
1039 2397 1111 2444 semel
1116 2397 1196 2446 badis.

199 2458 253 2506 Nos
269 2459 349 2506 mistis
365 2458 510 2508 lectionibus
525 2461 607 2508 locum
623 2460 690 2508 bunc
705 2461 808 2522 pristino
825 2461 898 2509 nitori
914 2460 1074 2508 restituimus.
1107 2462 1194 2511 Gnor.
1279 2483 1280 2486 ¹

199 2523 247 2572 Pro
267 2525 339 2571 sebas
360 2523 437 2571 malui
453 2525 530 2572 celsos.
564 2528 629 2572 Nam
646 2526 680 2572 ita
697 2525 817 2574 Latinitas
833 2524 1196 2589 postulat.-SCH.—-St'dua

197 2588 240 2636 abi
250 2587 323 2650 17166]-
331 2589 433 2650 EGgsb.
442 2591 507 2638 aidm
516 2589 557 2636 661
569 2591 622 2638 illos
633 2593 662 2637 A.
671 2590 737 2638 sidat
747 2593 772 2638 in
781 2591 852 2639 andis
860 2590 1000 2638 stt-ort.

232 2654 288 2704 171.
315 2651 406 2715 cenos]
426 2653 456 2700 A.
476 2655 575 2702 firmans
588 2671 606 2703 s.
624 2656 689 2718 conj.
731 2655 811 2704 Celtas
831 2657 876 2704 EF
879 2655 963 2716 GPgb.
986 2653 1065 2714 (Orbis
1087 2655 1119 2702 ad
1138 2655 1195 2717 (sic)

197 2733 284 2766 oceano
303 2719 374 2766 eebor
391 2718 422 2765 A.
436 2717 508 2767 Orbis
518 2735 603 2767 666666
613 2719 685 2768 celatas
696 2721 738 2781 E.)
770 2721 855 2783 (ibid.)
872 2721 937 2769 band
956 2719 1027 2767 semel
1046 2718 1118 2782 badi]
1139 2722 1191 2783 gsb.

196 2788 240 2830 661
260 2798 279 2830 s.
299 2783 361 2831 lect
382 2782 436 2832 AP.
447 2785 479 2831 od
487 2785 559 2832 cernel
568 2784 794 2834 tedam-011.

233 2847 286 2898 172.
302 2845 416 2896 Paratus
428 2849 565 2911 Ag.-OR.

235 2913 289 2962 173.
308 2912 358 2960 Ter
367 2928 438 2960 66666
450 2914 537 2961 Α.-Ο
543 2917 569 2962 11.

232 2978 287 3028 174.
303 2975 516 3041 Aart‘poepedibns]
535 2979 640 3028 Nonnus
659 2979 762 3043 Dionys.
782 2979 820 3042 lp.
835 2981 873 3028 30.
907 2976 1055 3044 'Ancillae
1074 2975 1099 3026 11
1122 2981 1195 3044 παρὰ

197 3042 295 3106 σφυρὸν
303 3040 430 3104 ἡνιοχῆος
440 3047 554 3108 Νυμφιος
565 3042 681 3109 ἀςερόεις
691 3043 855 3108 ἀμαρύσσετο
864 3044 957 3108 ταῦρος
968 3042 1080 3107 alopen.
1103 3048 1196 3096 Tantas

196 3106 237 3154 hic
249 3117 349 3170 putatur
358 3108 455 3170 Jupiter
470 3126 530 3169 esse,
545 3111 586 3174 qui
597 3111 722 3172 Europam
742 3124 785 3171 per
804 3125 871 3157 mare
888 3113 954 3157 vexit
968 3112 994 3156 in
1007 3113 1112 3160 Cretam.
1122 3113 1194 3161 Ovid.

197 3174 262 3221 Fast.
281 3188 303 3220 v.
323 3173 377 3220 605.
396 3174 519 3224 Eratosth.
531 3177 621 3224 Catast.
638 3177 674 3222 14.
707 3174 755 3221 Alii
775 3182 861 3237 putant
879 3190 931 3222 esse
950 3174 979 3222 Ιο
997 3176 1047 3224 sive
1060 3175 1150 3225 Isidem
1167 3179 1194 3226 in

196 3236 284 3285 bovem
295 3253 444 3299 conversam,
464 3247 489 3288 et
508 3257 536 3288 ex
554 3242 614 3289 bove
631 3240 701 3286 deam
719 3240 816 3288 factam.
849 3239 921 3287 Ovid.
934 3239 999 3286 Fast.
1010 3256 1033 3288 v.
1046 3242 1101 3289 619.
1112 3242 1193 3292 collat.

198 3301 267 3349 Orid.
280 3304 442 3367 Metamorph.
456 3307 475 3353 l.
487 3307 542 3363 588,
560 3306 615 3362 610,
626 3306 683 3361 611,
697 3305 751 3360 717,
768 3305 821 3352 add.
835 3305 934 3352 Gruter.
946 3304 1059 3368 Inscript.
1069 3321 1124 3369 pag.
1141 3309 1194 3358 138.

197 3369 273 3426 6182,
287 3369 327 3416 83.
362 3368 461 3431 Capella
473 3371 560 3419 Pbilol.
573 3378 641 3432 nupt.
653 3369 708 3418 libr.
720 3368 756 3417 II.
768 3385 821 3432 pag.
833 3370 873 3417 39.
897 3369 1059 3431 Spanbemius
1070 3372 1190 3420 observat.

195 3431 447 3494 meorumnam.
482 3435 597 3484 Clemens
608 3434 649 3482 Al.
661 3435 749 3482 Strom.
766 3434 807 3482 lib.
821 3434 842 3481 1.
855 3449 908 3496 pag.
922 3436 979 3482 322.
1012 3435 1099 3484 Suidas
1115 3437 1142 3484 iu
1160 3437 1193 3487 lo.

197 3504 222 3545 et
233 3497 644 3562 mythologi-scn-Atjacer
655 3499 685 3546 A.
721 3498 848 3546 TEDUR
854 3497 896 3546 US
908 3499 1027 3548 A-ort.

234 3561 286 3612 175.
305 3563 741 3627 0666116661)196661666117613611.
775 3564 806 3611 ln
817 3563 914 3612 Arateis
929 3565 993 3612 notis
1005 3564 1118 3624 diximus,
1131 3569 1192 3615 Ger-

99 3647 102 3658 ·
195 3627 321 3676 manicam
342 3631 484 3688 πεπτηῶτα
505 3631 626 3678 minacem
644 3629 803 3691 interpretari,
817 3635 845 3676 ut
863 3629 939 3677 etalii
959 3629 984 3676 in
997 3630 1051 3678 aliis
1061 3631 1193 3692 autoribus,

195 3693 260 3753 quod
276 3693 705 3805 vppsimum.-SCH.-Gerent
716 3695 749 3741 A.
783 3693 868 3757 (Ibid)
888 3709 927 3742 ore
948 3693 1048 3758 minaci]
1062 3695 1192 3758 AEGgsb.

194 3759 280 3819 ionem.
335 3761 430 3809 .—OR.

230 3823 283 3872 176.
304 3822 435 3880 Qoemtatn
454 3826 564 3886 19661661
581 3825 632 3872 6611
650 3829 691 3871 166
701 3825 785 3885 formo
802 3820 901 3884 docebit)
914 3823 977 3870 Audi
995 3823 1119 3886 vulgatam
1140 3824 1192 3874 lec-

195 3885 295 3946 tionem,
307 3896 332 3935 et
340 3889 440 3937 mirare:
460 3889 536 3946 Quem
546 3889 604 3936 liber
615 3893 725 3952 ipsoram
739 3888 790 3937 6611
793 3888 924 3949 fenerando
935 3887 1038 3936 docebat.
1073 3889 1120 3936 Sed
1135 3891 1193 3951 quia

195 3966 245 3999 non
260 3953 369 4001 Taurum
388 3955 527 4016 alloquitur,
545 3954 587 4002 sed
605 3955 634 4002 de
645 3954 725 4001 Tauro
735 3953 850 4016 loquitur,
860 3952 988 4017 paululum
998 3969 1012 4000 a
1023 3953 1192 4017 Manuscripto

193 4016 333 4066 recedentes
340 4021 472 4081 legendum
482 4018 608 4066 ducimus:
623 4019 758 4076 Quamlibet
766 4022 876 4081 iynorarn
886 4018 944 4076 6611,
954 4018 1083 4082 conforma
1094 4019 1193 4078 docebit,

195 4086 217 4128 61
226 4090 305 4146 comet,
316 4089 338 4131 et
345 4085 436 4147 patale
447 4099 524 4145 noret,
537 4090 560 4131 et
570 4098 658 4132 comas
677 4085 759 4132 rann.
792 4085 882 4132 Sensus
894 4089 932 4131 est
948 4081 1104 4144 clarissimus,
1115 4083 1193 4133 forma
