2868 4848
590 599 739 648 ARATEA.

164 742 277 808 Axem
292 753 366 808 actu
381 750 523 828 torquet,
539 752 631 807 tanto
646 743 804 828 pernicior
817 741 871 808 ille

164 829 333 894 Distantes
348 851 448 893 cornu
461 838 613 914 properat
627 829 812 914 contingere
826 838 940 894 metas.

167 915 261 981 Clara
275 937 334 981 nec
350 927 398 980 est
413 915 461 980 illi
474 915 582 992 facies,
597 937 656 980 nec
670 915 773 980 sidera
786 925 932 1002 possunt,

166 1001 297 1067 Officiat
312 1002 338 1066 si
354 1001 460 1080 Luna,
476 1023 533 1066 sua
547 1002 666 1066 virtute
681 1002 795 1067 nitere.
1113 1005 1160 1054 ²³⁰

167 1089 233 1154 Sed
248 1087 442 1174 quaerendus
454 1088 516 1152 erit
530 1109 623 1153 zonae
638 1111 656 1152 e
670 1089 801 1172 regione
815 1087 963 1154 micantis

164 1175 401 1252 Andromedae3
424 1174 503 1239 terit
512 1173 564 1238 hic
578 1174 694 1238 summi
709 1174 845 1240 divortia
855 1173 978 1252 mundi,

165 1261 216 1326 Ut
231 1258 354 1339 Chelae,
371 1260 509 1325 candens
523 1269 562 1324 ut
574 1259 700 1326 balteus
717 1259 857 1326 Orionis.

208 1347 271 1412 Est
286 1347 383 1411 etiam
397 1349 546 1431 propiore
561 1346 657 1412 deum
671 1369 861 1431 cognoscere
877 1347 979 1432 signo,
1033 1355 1161 1390 animas.

164 1433 324 1499 Deltoton
339 1433 366 1497 si
381 1433 618 1517 quis-donum
632 1433 692 1498 hoo
706 1433 879 1519 spectabile
896 1433 966 1500 Nili
1114 1457 1160 1504 rar

165 1519 331 1586 Divitibus
344 1529 533 1603 generatum
548 1518 721 1584 undis-in
736 1519 810 1584 sede
824 1521 961 1600 notabit,

165 1606 246 1671 Tres
260 1603 308 1670 illi
323 1605 458 1670 laterum
474 1604 608 1670 ductus:
632 1616 762 1690 aequata
776 1606 913 1671 duorum

167 1693 254 1757 Sunt
268 1692 371 1778 spatia
385 1717 393 1769 3
416 1691 513 1756 unius
527 1693 662 1770 brevior,
679 1692 736 1756 sed
749 1691 862 1757 clarior
876 1693 962 1777 igne.

167 1778 268 1843 Hunc
283 1778 378 1842 Aries
389 1779 487 1864 juxta
504 1802 512 1855 ;
535 1777 676 1842 medium
693 1775 851 1843 Deltoton
864 1777 997 1844 habebit

166 1863 261 1930 Inter
274 1863 409 1948 lanigeri
423 1873 551 1948 tergum
566 1873 600 1927 et
615 1863 779 1950 Cepheida
792 1875 948 1931 maestum.
1114 1867 1162 1916 240

211 1950 311 2015 Hunc
326 1950 413 2014 ultra
428 1949 561 2014 Gemini
576 1948 706 2030 Pisces3
730 1972 868 2036 quorum
883 1951 964 2017 alter
974 1951 1008 2016 in
1022 1950 1161 2017 Austros

167 2037 297 2114 Tendit,
314 2036 497 2102 Threicium
513 2035 641 2101 Borean
654 2038 739 2123 petit
752 2035 833 2102 alter
848 2049 882 2103 et
898 2038 989 2104 audit
1062 2037 1160 2088 [⁹¹⁸⁰'¹·

168 2123 348 2188 Stridentes
364 2146 467 2200 auras,
483 2123 593 2188 niveus
608 2146 687 2208 quas
702 2134 849 2209 procreat
866 2123 1013 2192 Haemus.

169 2210 245 2274 Non
261 2209 323 2272 illis
338 2209 419 2273 liber
433 2231 553 2287 cursus,
569 2210 625 2274 sed
639 2210 765 2275 vincula
779 2210 880 2276 cauda

170 2295 305 2380 Singula
319 2305 494 2379 utrumque
510 2306 633 2375 tenent,
649 2319 714 2362 uno
732 2297 880 2364 coeuntia
893 2296 988 2361 nodo.
1114 2297 1162 2346 245

168 2381 301 2447 Nodum
316 2381 407 2446 stella
421 2382 548 2467 premit.
595 2381 706 2461 Piscis,
723 2383 779 2470 qui
792 2383 921 2468 respicit
938 2404 1032 2448 auras

169 2467 343 2545 Threicias,
359 2468 507 2532 dextram
523 2468 740 2533 Andromedae
755 2482 905 2534 cernetur
916 2469 956 2534 ad
970 2469 1090 2535 ulnam.

213 2555 332 2620 Subter
347 2551 522 2639 utrumque
537 2556 652 2640 pedem
666 2555 789 2620 devotae
803 2555 949 2640 Virginis
963 2555 1028 2622 ales
1051 2562 1162 2596 amu..

170 2639 306 2706 Perseos
320 2639 440 2725 effigies
454 2653 587 2706 servatae
602 2651 693 2726 grata
705 2641 836 2726 puellae.

170 2725 278 2792 Moles
290 2727 360 2813 ipsa
373 2727 432 2792 viri
449 2727 524 2792 satis
539 2737 589 2792 est
602 2730 719 2796 testata
734 2735 913 2813 parentem,
1114 2729 1162 2777 550

170 2814 296 2879 Tantus
311 2812 431 2898 ubique
446 2813 554 2892 micat,
569 2823 697 2879 tautum
712 2825 847 2899 occupat
860 2815 900 2878 ab
915 2813 994 2879 Jove
1009 2813 1089 2880 caeli.

171 2900 328 2978 Dextera,
344 2899 480 2964 sublatae
495 2899 617 2978 similis,
632 2922 732 2986 prope
748 2897 965 2986 Cassiepeiam

172 2986 325 3051 Sublimis
337 2985 443 3070 fulget
454 3010 463 3063 3
485 2986 621 3071 pedibus
635 3009 808 3072 properare
820 2987 948 3052 videtur

170 3072 217 3138 Et
231 3071 311 3137 velle
327 3071 454 3156 aligeris
467 3093 587 3158 purum
602 3073 723 3138 aethera
736 3073 858 3138 findere
872 3073 1002 3158 plantis.

213 3157 341 3243 Poplite
357 3158 417 3223 sub
430 3157 522 3237 laevo,
538 3158 638 3224 Tauri
652 3159 827 3225 certissima
841 3160 943 3244 signa,
974 3165 1095 3200 '‘²¹¹⁰'‘
1114 3160 1161 3208 ²⁵⁵

170 3241 317 3310 Pleiades
332 3245 509 3322 suberunt3
531 3245 636 3311 brevis
647 3256 682 3311 et
693 3246 783 3311 locus
796 3257 931 3331 occupat
944 3267 1074 3325 omnes3

171 3329 242 3394 Neo
256 3329 364 3395 faciles
378 3330 476 3409 cerni,
492 3330 554 3395 nisi
569 3332 656 3417 quod
667 3333 816 3399 co’e'untia
828 3333 923 3418 plura

172 3415 284 3481 Sidera
296 3437 497 3482 communem
511 3418 686 3483 ostendunt
701 3441 744 3483 ex
759 3420 906 3484 omnibus
919 3418 1038 3503 ignem.

171 3501 303 3588 Septem
319 3502 491 3568 traduntur
504 3525 650 3584 numero,
666 3505 722 3570 sed
736 3506 879 3591 carpitur
893 3527 969 3584 una,

170 3588 351 3654 Deficiente
366 3589 457 3654 oculo
472 3590 669 3675 distinguere
684 3613 817 3678 corpora
830 3613 940 3678 parra3
1115 3591 1162 3640 ²⁶⁰

171 3673 313 3740 Nomina
327 3675 383 3739 sed
398 3676 521 3741 cunctis
535 3677 671 3743 servavit
684 3679 749 3743 fida
762 3689 924 3744 vetustas:

171 3761 311 3840 Electra,
327 3760 549 3848 Alcyoneque,
567 3762 773 3850 Celaenoque,
790 3763 1002 3850 Meropeque,

173 3845 222 3912 Ac
238 3847 385 3934 Sterope,
402 3859 436 3913 et
449 3849 604 3934 Taygete,
621 3861 654 3915 et
669 3848 769 3929 Maia,
805 3863 917 3916 arente

173 3931 320 3998 Caelifero
334 3935 469 4019 genitae3
492 3936 608 4000 sivero
624 3937 765 4002 sustinet
812 3938 873 4002 tlas

172 4017 286 4105 Regna
296 4020 383 4085 lovis
394 4043 601 4107 superosque,
614 4033 712 4109 atque
727 4024 797 4110 ipso
811 4024 952 4110 pondere
966 4024 1095 4110 gaudet.
1115 4023 1163 4074 555

173 4104 311 4173 Lumine
326 4130 392 4172 nou
406 4107 517 4174 multis
533 4107 638 4174 Pleias
653 4111 821 4176 certaverit
834 4110 944 4189 astris;
