<?xml version="1.0" encoding="UTF-8"?>
<!DOCTYPE html PUBLIC "-//W3C//DTD XHTML 1.0 Transitional//EN"
    "http://www.w3.org/TR/xhtml1/DTD/xhtml1-transitional.dtd">
<html xmlns="http://www.w3.org/1999/xhtml" xml:lang="en" lang="en">
 <head>
  <title>
</title>
<meta http-equiv="Content-Type" content="text/html;charset=utf-8" />
  <meta name='ocr-system' content='tesseract 3.04.00' />
  <meta name='ocr-capabilities' content='ocr_page ocr_carea ocr_par ocr_line ocrx_word'/>
</head>
<body>
  <div class='ocr_page' id='page_1' title='image "./reliquiquextant00orelgoog_0095.png"; bbox 0 0 2868 4848; ppageno 0'>
   <div class='ocr_carea' id='block_1_1' title="bbox 216 530 791 595">
    <p class='ocr_par' dir='ltr' id='par_1_1' title="bbox 216 530 791 595">
     <span class='ocr_line' id='line_1_1' title="bbox 216 530 791 595; baseline 0.003 -3"><span class='ocrx_word' id='word_1_1' title='bbox 216 530 260 594; x_wconf 76' lang='lat'><strong>62</strong></span> <span class='ocrx_word' id='word_1_2' title='bbox 635 549 791 595; x_wconf 74' lang='lat' dir='ltr'><strong>sonoris.</strong></span> 
     </span>
    </p>
   </div>
   <div class='ocr_carea' id='block_1_2' title="bbox 209 683 1212 3617">
    <p class='ocr_par' dir='ltr' id='par_1_2' title="bbox 213 683 1212 1360">
     <span class='ocr_line' id='line_1_2' title="bbox 215 683 1212 791; baseline 0 -35"><span class='ocrx_word' id='word_1_3' title='bbox 215 689 368 756; x_wconf 71' lang='lat' dir='ltr'><strong>Fidicula</strong></span> <span class='ocrx_word' id='word_1_4' title='bbox 383 699 526 757; x_wconf 84' lang='lat' dir='ltr'><strong>exortus.</strong></span> <span class='ocrx_word' id='word_1_5' title='bbox 550 683 638 756; x_wconf 89' lang='lat' dir='ltr'><strong>XII.</strong></span> <span class='ocrx_word' id='word_1_6' title='bbox 652 691 711 758; x_wconf 91' lang='lat' dir='ltr'><strong>cal.</strong></span> <span class='ocrx_word' id='word_1_7' title='bbox 727 690 749 756; x_wconf 87' lang='lat' dir='ltr'><strong>J</strong></span> <span class='ocrx_word' id='word_1_8' title='bbox 749 691 840 757; x_wconf 90' lang='lat' dir='ltr'><strong>unias</strong></span> <span class='ocrx_word' id='word_1_9' title='bbox 857 689 987 777; x_wconf 80' lang='lat' dir='ltr'>Capella</span> <span class='ocrx_word' id='word_1_10' title='bbox 998 690 1122 791; x_wconf 79' lang='lat' dir='ltr'><strong>vesperi</strong></span> <span class='ocrx_word' id='word_1_11' title='bbox 1131 691 1212 756; x_wconf 83' lang='lat' dir='ltr'><strong>occi-</strong></span> 
     </span>
     <span class='ocr_line' id='line_1_3' title="bbox 215 774 1211 843; baseline 0 -1"><span class='ocrx_word' id='word_1_12' title='bbox 215 777 264 842; x_wconf 93' lang='lat' dir='ltr'><strong>dit</strong></span> <span class='ocrx_word' id='word_1_13' title='bbox 278 788 312 842; x_wconf 93' lang='lat' dir='ltr'><strong>et</strong></span> <span class='ocrx_word' id='word_1_14' title='bbox 326 777 360 842; x_wconf 92' lang='lat' dir='ltr'><strong>in</strong></span> <span class='ocrx_word' id='word_1_15' title='bbox 376 775 487 843; x_wconf 88' lang='lat' dir='ltr'><strong>Attica</strong></span> <span class='ocrx_word' id='word_1_16' title='bbox 503 775 608 842; x_wconf 86' lang='lat' dir='ltr'><strong>Canis.</strong></span> <span class='ocrx_word' id='word_1_17' title='bbox 652 777 720 842; x_wconf 87' lang='lat' dir='ltr'><strong>XI.</strong></span> <span class='ocrx_word' id='word_1_18' title='bbox 735 778 792 843; x_wconf 88' lang='lat' dir='ltr'><strong>cal.</strong></span> <span class='ocrx_word' id='word_1_19' title='bbox 814 777 928 842; x_wconf 89' lang='lat' dir='ltr'><strong>Juuias</strong></span> <span class='ocrx_word' id='word_1_20' title='bbox 943 774 1066 842; x_wconf 86' lang='lat' dir='ltr'><strong>Caesarr</strong></span> <span class='ocrx_word' id='word_1_21' title='bbox 1082 777 1211 842; x_wconf 84' lang='lat' dir='ltr'>Orionis</span> 
     </span>
     <span class='ocr_line' id='line_1_4' title="bbox 214 862 1212 950; baseline 0.002 -24"><span class='ocrx_word' id='word_1_22' title='bbox 214 862 340 948; x_wconf 80' lang='lat' dir='ltr'><strong>gladius</strong></span> <span class='ocrx_word' id='word_1_23' title='bbox 351 863 492 928; x_wconf 86' lang='lat' dir='ltr'><strong>occidere</strong></span> <span class='ocrx_word' id='word_1_24' title='bbox 503 863 625 948; x_wconf 83' lang='lat' dir='ltr'><strong>incipit.</strong></span> <span class='ocrx_word' id='word_1_25' title='bbox 671 863 739 928; x_wconf 91' lang='lat' dir='ltr'><strong>III.</strong></span> <span class='ocrx_word' id='word_1_26' title='bbox 750 887 802 929; x_wconf 88' lang='lat' dir='ltr'><strong>uo.</strong></span> <span class='ocrx_word' id='word_1_27' title='bbox 814 863 927 928; x_wconf 90' lang='lat' dir='ltr'><strong>Junias</strong></span> <span class='ocrx_word' id='word_1_28' title='bbox 940 863 1080 948; x_wconf 86' lang='lat' dir='ltr'><strong>Assyriis</strong></span> <span class='ocrx_word' id='word_1_29' title='bbox 1091 862 1212 950; x_wconf 88' lang='lat' dir='ltr'><strong>Aquila</strong></span> 
     </span>
     <span class='ocr_line' id='line_1_5' title="bbox 215 948 1211 1035; baseline 0.001 -22"><span class='ocrx_word' id='word_1_30' title='bbox 215 949 317 1014; x_wconf 89' lang='lat' dir='ltr'><strong>oritur</strong></span> <span class='ocrx_word' id='word_1_31' title='bbox 332 949 465 1035; x_wconf 86' lang='lat' dir='ltr'><strong>vesperi.</strong></span> <span class='ocrx_word' id='word_1_32' title='bbox 488 949 572 1016; x_wconf 91' lang='lat' dir='ltr'><strong>VII.</strong></span> <span class='ocrx_word' id='word_1_33' title='bbox 583 949 655 1014; x_wconf 92' lang='lat' dir='ltr'><strong>idus</strong></span> <span class='ocrx_word' id='word_1_34' title='bbox 666 948 780 1015; x_wconf 86' lang='lat' dir='ltr'><strong>Junias</strong></span> <span class='ocrx_word' id='word_1_35' title='bbox 793 950 948 1015; x_wconf 90' lang='lat' dir='ltr'><strong>Arcturus</strong></span> <span class='ocrx_word' id='word_1_36' title='bbox 960 950 1120 1014; x_wconf 85' lang='lat' dir='ltr'><strong>matutino</strong></span> <span class='ocrx_word' id='word_1_37' title='bbox 1129 951 1211 1014; x_wconf 88' lang='lat' dir='ltr'><strong>occi-</strong></span> 
     </span>
     <span class='ocr_line' id='line_1_6' title="bbox 215 1034 1210 1121; baseline 0 -22"><span class='ocrx_word' id='word_1_38' title='bbox 215 1035 264 1099; x_wconf 89' lang='lat' dir='ltr'><strong>dit</strong></span> <span class='ocrx_word' id='word_1_39' title='bbox 280 1034 396 1102; x_wconf 68' lang='lat' dir='ltr'><strong>Italia.</strong></span> <span class='ocrx_word' id='word_1_40' title='bbox 420 1034 483 1101; x_wconf 88' lang='lat' dir='ltr'><strong>IV.</strong></span> <span class='ocrx_word' id='word_1_41' title='bbox 493 1035 565 1100; x_wconf 90' lang='lat' dir='ltr'><strong>idus</strong></span> <span class='ocrx_word' id='word_1_42' title='bbox 576 1035 689 1100; x_wconf 89' lang='lat' dir='ltr'><strong>Juuias</strong></span> <span class='ocrx_word' id='word_1_43' title='bbox 698 1035 881 1121; x_wconf 86' lang='lat' dir='ltr'><strong>Delphinus</strong></span> <span class='ocrx_word' id='word_1_44' title='bbox 894 1037 996 1101; x_wconf 90' lang='lat' dir='ltr'><strong>oritur</strong></span> <span class='ocrx_word' id='word_1_45' title='bbox 1005 1036 1040 1100; x_wconf 90' lang='lat' dir='ltr'><strong>in</strong></span> <span class='ocrx_word' id='word_1_46' title='bbox 1053 1036 1210 1120; x_wconf 86' lang='lat' dir='ltr'><strong>AEgypto.</strong></span> 
     </span>
     <span class='ocr_line' id='line_1_7' title="bbox 215 1119 1211 1208; baseline -0.001 -22"><span class='ocrx_word' id='word_1_47' title='bbox 215 1119 282 1186; x_wconf 90' lang='lat' dir='ltr'><strong>XI.</strong></span> <span class='ocrx_word' id='word_1_48' title='bbox 298 1121 356 1188; x_wconf 86' lang='lat' dir='ltr'><strong>cul.</strong></span> <span class='ocrx_word' id='word_1_49' title='bbox 372 1121 475 1186; x_wconf 87' lang='lat' dir='ltr'><strong>Julius</strong></span> <span class='ocrx_word' id='word_1_50' title='bbox 490 1122 633 1208; x_wconf 91' lang='lat' dir='ltr'><strong>ejusdem</strong></span> <span class='ocrx_word' id='word_1_51' title='bbox 649 1121 777 1187; x_wconf 88' lang='lat' dir='ltr'><strong>Orionis</strong></span> <span class='ocrx_word' id='word_1_52' title='bbox 792 1121 916 1207; x_wconf 75' lang='lat' dir='ltr'><strong>gladius</strong></span> <span class='ocrx_word' id='word_1_53' title='bbox 933 1120 1053 1186; x_wconf 84' lang='lat' dir='ltr'><strong>Caesari</strong></span> <span class='ocrx_word' id='word_1_54' title='bbox 1068 1123 1211 1186; x_wconf 88' lang='lat' dir='ltr'><strong>occidere</strong></span> 
     </span>
     <span class='ocr_line' id='line_1_8' title="bbox 213 1205 1212 1293; baseline 0.001 -22"><span class='ocrx_word' id='word_1_55' title='bbox 213 1207 337 1293; x_wconf 87' lang='lat' dir='ltr'><strong>incipit.</strong></span> <span class='ocrx_word' id='word_1_56' title='bbox 381 1205 485 1274; x_wconf 90' lang='lat' dir='ltr'><strong>VIII.</strong></span> <span class='ocrx_word' id='word_1_57' title='bbox 501 1207 558 1273; x_wconf 84' lang='lat' dir='ltr'><strong>cal.</strong></span> <span class='ocrx_word' id='word_1_58' title='bbox 574 1206 688 1286; x_wconf 79' lang='lat' dir='ltr'><strong>Iulias,</strong></span> <span class='ocrx_word' id='word_1_59' title='bbox 704 1208 907 1293; x_wconf 87' lang='lat' dir='ltr'><strong>longissimus</strong></span> <span class='ocrx_word' id='word_1_60' title='bbox 922 1208 990 1272; x_wconf 87' lang='lat' dir='ltr'><strong>dies</strong></span> <span class='ocrx_word' id='word_1_61' title='bbox 1005 1207 1104 1272; x_wconf 92' lang='lat' dir='ltr'><strong>totius</strong></span> <span class='ocrx_word' id='word_1_62' title='bbox 1124 1209 1212 1289; x_wconf 87' lang='lat' dir='ltr'><strong>anni,</strong></span> 
     </span>
     <span class='ocr_line' id='line_1_9' title="bbox 214 1291 879 1360; baseline 0.003 -3"><span class='ocrx_word' id='word_1_63' title='bbox 214 1305 249 1358; x_wconf 87' lang='lat' dir='ltr'><strong>et</strong></span> <span class='ocrx_word' id='word_1_64' title='bbox 262 1315 329 1358; x_wconf 85' lang='lat' dir='ltr'><strong>nox</strong></span> <span class='ocrx_word' id='word_1_65' title='bbox 344 1292 530 1358; x_wconf 87' lang='lat' dir='ltr'><strong>brevissima</strong></span> <span class='ocrx_word' id='word_1_66' title='bbox 544 1291 726 1360; x_wconf 89' lang='lat' dir='ltr'><strong>Solstitium</strong></span> <span class='ocrx_word' id='word_1_67' title='bbox 741 1295 879 1359; x_wconf 87' lang='lat' dir='ltr'><strong>conficit.</strong></span> 
     </span>
    </p>

    <p class='ocr_par' dir='ltr' id='par_1_3' title="bbox 211 1377 1211 2993">
     <span class='ocr_line' id='line_1_10' title="bbox 256 1377 1211 1460; baseline 0 -16"><span class='ocrx_word' id='word_1_68' title='bbox 256 1377 288 1444; x_wconf 85' lang='lat' dir='ltr'><strong>A</strong></span> <span class='ocrx_word' id='word_1_69' title='bbox 305 1378 450 1444; x_wconf 88' lang='lat' dir='ltr'><strong>Solstitio</strong></span> <span class='ocrx_word' id='word_1_70' title='bbox 470 1379 511 1444; x_wconf 92' lang='lat' dir='ltr'><strong>ad</strong></span> <span class='ocrx_word' id='word_1_71' title='bbox 527 1378 679 1444; x_wconf 86' lang='lat' dir='ltr'><strong>Fidiculae</strong></span> <span class='ocrx_word' id='word_1_72' title='bbox 700 1403 856 1460; x_wconf 89' lang='lat' dir='ltr'><strong>occasum,</strong></span> <span class='ocrx_word' id='word_1_73' title='bbox 878 1378 942 1446; x_wconf 91' lang='lat' dir='ltr'><strong>VI.</strong></span> <span class='ocrx_word' id='word_1_74' title='bbox 963 1379 1085 1444; x_wconf 85' lang='lat' dir='ltr'><strong>calend.</strong></span> <span class='ocrx_word' id='word_1_75' title='bbox 1107 1378 1211 1444; x_wconf 81' lang='lat' dir='ltr'><strong>Iulias</strong></span> 
     </span>
     <span class='ocr_line' id='line_1_11' title="bbox 214 1462 1209 1552; baseline 0 -20"><span class='ocrx_word' id='word_1_76' title='bbox 214 1462 337 1532; x_wconf 79' lang='lat' dir='ltr'><strong>Caesari</strong></span> <span class='ocrx_word' id='word_1_77' title='bbox 352 1464 455 1530; x_wconf 90' lang='lat' dir='ltr'><strong>Orion</strong></span> <span class='ocrx_word' id='word_1_78' title='bbox 477 1465 641 1532; x_wconf 86' lang='lat' dir='ltr'><strong>exoritur:</strong></span> <span class='ocrx_word' id='word_1_79' title='bbox 667 1465 761 1531; x_wconf 88' lang='lat' dir='ltr'><strong>Zona</strong></span> <span class='ocrx_word' id='word_1_80' title='bbox 783 1478 892 1532; x_wconf 91' lang='lat' dir='ltr'><strong>autem</strong></span> <span class='ocrx_word' id='word_1_81' title='bbox 907 1468 976 1552; x_wconf 89' lang='lat' dir='ltr'><strong>ejus</strong></span> <span class='ocrx_word' id='word_1_82' title='bbox 992 1465 1131 1552; x_wconf 85' lang='lat' dir='ltr'><strong>Assyriis</strong></span> <span class='ocrx_word' id='word_1_83' title='bbox 1148 1465 1209 1532; x_wconf 85' lang='lat' dir='ltr'><strong>IV.</strong></span> 
     </span>
     <span class='ocr_line' id='line_1_12' title="bbox 213 1549 1210 1638; baseline 0.001 -23"><span class='ocrx_word' id='word_1_84' title='bbox 213 1571 266 1616; x_wconf 91' lang='lat' dir='ltr'><strong>no.</strong></span> <span class='ocrx_word' id='word_1_85' title='bbox 291 1549 404 1630; x_wconf 85' lang='lat' dir='ltr'><strong>Julius,</strong></span> <span class='ocrx_word' id='word_1_86' title='bbox 431 1551 578 1638; x_wconf 86' lang='lat' dir='ltr'><strong>AEgypto</strong></span> <span class='ocrx_word' id='word_1_87' title='bbox 600 1574 675 1618; x_wconf 83' lang='lat' dir='ltr'><strong>vero</strong></span> <span class='ocrx_word' id='word_1_88' title='bbox 698 1552 809 1618; x_wconf 88' lang='lat' dir='ltr'><strong>eadem</strong></span> <span class='ocrx_word' id='word_1_89' title='bbox 823 1553 875 1617; x_wconf 90' lang='lat' dir='ltr'><strong>die</strong></span> <span class='ocrx_word' id='word_1_90' title='bbox 892 1550 1036 1637; x_wconf 84' lang='lat' dir='ltr'><strong>Procyon</strong></span> <span class='ocrx_word' id='word_1_91' title='bbox 1051 1563 1210 1616; x_wconf 80' lang='lat' dir='ltr'><strong>aestuosus</strong></span> 
     </span>
     <span class='ocr_line' id='line_1_13' title="bbox 212 1637 1211 1724; baseline 0.001 -23"><span class='ocrx_word' id='word_1_92' title='bbox 212 1637 372 1702; x_wconf 85' lang='lat' dir='ltr'><strong>matutino</strong></span> <span class='ocrx_word' id='word_1_93' title='bbox 396 1637 509 1716; x_wconf 91' lang='lat' dir='ltr'><strong>oritur,</strong></span> <span class='ocrx_word' id='word_1_94' title='bbox 533 1639 619 1723; x_wconf 92' lang='lat' dir='ltr'><strong>quod</strong></span> <span class='ocrx_word' id='word_1_95' title='bbox 641 1639 729 1703; x_wconf 90' lang='lat' dir='ltr'><strong>sidus</strong></span> <span class='ocrx_word' id='word_1_96' title='bbox 750 1639 836 1724; x_wconf 86' lang='lat' dir='ltr'><strong>apud</strong></span> <span class='ocrx_word' id='word_1_97' title='bbox 851 1638 1016 1703; x_wconf 85' lang='lat' dir='ltr'><strong>Romanos</strong></span> <span class='ocrx_word' id='word_1_98' title='bbox 1031 1660 1096 1702; x_wconf 92' lang='lat' dir='ltr'><strong>non</strong></span> <span class='ocrx_word' id='word_1_99' title='bbox 1111 1638 1211 1702; x_wconf 88' lang='lat' dir='ltr'><strong>habet</strong></span> 
     </span>
     <span class='ocr_line' id='line_1_14' title="bbox 213 1722 1210 1810; baseline 0.001 -23"><span class='ocrx_word' id='word_1_100' title='bbox 213 1745 342 1802; x_wconf 91' lang='lat' dir='ltr'><strong>nomen,</strong></span> <span class='ocrx_word' id='word_1_101' title='bbox 361 1723 424 1788; x_wconf 88' lang='lat' dir='ltr'><strong>nisi</strong></span> <span class='ocrx_word' id='word_1_102' title='bbox 439 1722 605 1803; x_wconf 86' lang='lat' dir='ltr'><strong>Canicula,</strong></span> <span class='ocrx_word' id='word_1_103' title='bbox 627 1746 724 1810; x_wconf 89' lang='lat' dir='ltr'><strong>quam</strong></span> <span class='ocrx_word' id='word_1_104' title='bbox 743 1727 890 1790; x_wconf 87' lang='lat' dir='ltr'><strong>volumus</strong></span> <span class='ocrx_word' id='word_1_105' title='bbox 907 1724 1087 1808; x_wconf 87' lang='lat' dir='ltr'><strong>intelligere</strong></span> <span class='ocrx_word' id='word_1_106' title='bbox 1107 1725 1210 1788; x_wconf 90' lang='lat' dir='ltr'><strong>mino-</strong></span> 
     </span>
     <span class='ocr_line' id='line_1_15' title="bbox 212 1809 1210 1897; baseline 0 -23"><span class='ocrx_word' id='word_1_107' title='bbox 212 1831 280 1874; x_wconf 85' lang='lat' dir='ltr'><strong>rem</strong></span> <span class='ocrx_word' id='word_1_108' title='bbox 298 1809 428 1888; x_wconf 83' lang='lat' dir='ltr'><strong>Canem,</strong></span> <span class='ocrx_word' id='word_1_109' title='bbox 445 1810 532 1874; x_wconf 90' lang='lat' dir='ltr'><strong>utin</strong></span> <span class='ocrx_word' id='word_1_110' title='bbox 547 1811 639 1875; x_wconf 88' lang='lat' dir='ltr'><strong>astris</strong></span> <span class='ocrx_word' id='word_1_111' title='bbox 653 1811 797 1897; x_wconf 86' lang='lat' dir='ltr'><strong>pingitur</strong></span> <span class='ocrx_word' id='word_1_112' title='bbox 806 1811 847 1875; x_wconf 92' lang='lat' dir='ltr'><strong>ad</strong></span> <span class='ocrx_word' id='word_1_113' title='bbox 859 1822 973 1875; x_wconf 86' lang='lat' dir='ltr'><strong>aestum</strong></span> <span class='ocrx_word' id='word_1_114' title='bbox 985 1811 1125 1876; x_wconf 88' lang='lat' dir='ltr'><strong>maxime</strong></span> <span class='ocrx_word' id='word_1_115' title='bbox 1136 1833 1210 1896; x_wconf 90' lang='lat' dir='ltr'><strong>per-</strong></span> 
     </span>
     <span class='ocr_line' id='line_1_16' title="bbox 212 1894 1208 1982; baseline 0.003 -23"><span class='ocrx_word' id='word_1_116' title='bbox 212 1895 331 1973; x_wconf 88' lang='lat' dir='ltr'><strong>tinens,</strong></span> <span class='ocrx_word' id='word_1_117' title='bbox 356 1896 438 1960; x_wconf 87' lang='lat' dir='ltr'><strong>siout</strong></span> <span class='ocrx_word' id='word_1_118' title='bbox 460 1894 558 1981; x_wconf 89' lang='lat' dir='ltr'><strong>paulo</strong></span> <span class='ocrx_word' id='word_1_119' title='bbox 580 1908 654 1982; x_wconf 88' lang='lat' dir='ltr'><strong>post</strong></span> <span class='ocrx_word' id='word_1_120' title='bbox 679 1897 873 1964; x_wconf 88' lang='lat' dir='ltr'><strong>docebimus.</strong></span> <span class='ocrx_word' id='word_1_121' title='bbox 919 1896 981 1962; x_wconf 91' lang='lat' dir='ltr'><strong>IV.</strong></span> <span class='ocrx_word' id='word_1_122' title='bbox 1003 1918 1078 1961; x_wconf 89' lang='lat' dir='ltr'><strong>nou.</strong></span> <span class='ocrx_word' id='word_1_123' title='bbox 1104 1896 1208 1962; x_wconf 89' lang='lat' dir='ltr'><strong>Julias</strong></span> 
     </span>
     <span class='ocr_line' id='line_1_17' title="bbox 213 1977 1209 2048; baseline 0.001 -2"><span class='ocrx_word' id='word_1_124' title='bbox 213 1977 375 2047; x_wconf 83' lang='lat' dir='ltr'><strong>Chaldaeis</strong></span> <span class='ocrx_word' id='word_1_125' title='bbox 390 2003 507 2048; x_wconf 87' lang='lat' dir='ltr'><strong>corona</strong></span> <span class='ocrx_word' id='word_1_126' title='bbox 521 1981 637 2048; x_wconf 87' lang='lat' dir='ltr'><strong>occidit</strong></span> <span class='ocrx_word' id='word_1_127' title='bbox 650 1983 820 2048; x_wconf 87' lang='lat' dir='ltr'><strong>matutino.</strong></span> <span class='ocrx_word' id='word_1_128' title='bbox 866 1982 986 2046; x_wconf 88' lang='lat' dir='ltr'><strong>Attioae</strong></span> <span class='ocrx_word' id='word_1_129' title='bbox 1003 1982 1105 2046; x_wconf 92' lang='lat' dir='ltr'><strong>Orion</strong></span> <span class='ocrx_word' id='word_1_130' title='bbox 1119 1992 1209 2047; x_wconf 89' lang='lat' dir='ltr'><strong>totus</strong></span> 
     </span>
     <span class='ocr_line' id='line_1_18' title="bbox 213 2067 1208 2153; baseline 0 -22"><span class='ocrx_word' id='word_1_131' title='bbox 213 2067 324 2131; x_wconf 90' lang='lat' dir='ltr'><strong>eadem</strong></span> <span class='ocrx_word' id='word_1_132' title='bbox 339 2067 390 2132; x_wconf 90' lang='lat' dir='ltr'><strong>die</strong></span> <span class='ocrx_word' id='word_1_133' title='bbox 406 2067 561 2132; x_wconf 85' lang='lat' dir='ltr'><strong>exoritur.</strong></span> <span class='ocrx_word' id='word_1_134' title='bbox 607 2068 716 2133; x_wconf 91' lang='lat' dir='ltr'><strong>Pridie</strong></span> <span class='ocrx_word' id='word_1_135' title='bbox 729 2069 802 2134; x_wconf 92' lang='lat' dir='ltr'><strong>idus</strong></span> <span class='ocrx_word' id='word_1_136' title='bbox 816 2069 930 2146; x_wconf 80' lang='lat' dir='ltr'><strong>Iulias,</strong></span> <span class='ocrx_word' id='word_1_137' title='bbox 946 2069 1092 2153; x_wconf 88' lang='lat' dir='ltr'><strong>AEgypto</strong></span> <span class='ocrx_word' id='word_1_138' title='bbox 1106 2068 1208 2132; x_wconf 89' lang='lat' dir='ltr'><strong>Orion</strong></span> 
     </span>
     <span class='ocr_line' id='line_1_19' title="bbox 212 2153 1209 2240; baseline 0.001 -23"><span class='ocrx_word' id='word_1_139' title='bbox 212 2153 330 2218; x_wconf 91' lang='lat' dir='ltr'><strong>desinit</strong></span> <span class='ocrx_word' id='word_1_140' title='bbox 343 2154 471 2219; x_wconf 84' lang='lat' dir='ltr'><strong>exoriri.</strong></span> <span class='ocrx_word' id='word_1_141' title='bbox 495 2153 576 2220; x_wconf 89' lang='lat' dir='ltr'><strong>XV.</strong></span> <span class='ocrx_word' id='word_1_142' title='bbox 589 2155 646 2219; x_wconf 91' lang='lat' dir='ltr'><strong>cal.</strong></span> <span class='ocrx_word' id='word_1_143' title='bbox 657 2154 832 2240; x_wconf 88' lang='lat' dir='ltr'><strong>Augustas,</strong></span> <span class='ocrx_word' id='word_1_144' title='bbox 844 2153 985 2239; x_wconf 88' lang='lat' dir='ltr'><strong>Assyriis</strong></span> <span class='ocrx_word' id='word_1_145' title='bbox 998 2154 1117 2219; x_wconf 90' lang='lat' dir='ltr'><strong>Chiron</strong></span> <span class='ocrx_word' id='word_1_146' title='bbox 1130 2177 1209 2218; x_wconf 90' lang='lat' dir='ltr'><strong>exo·</strong></span> 
     </span>
     <span class='ocr_line' id='line_1_20' title="bbox 212 2239 1209 2327; baseline 0.001 -24"><span class='ocrx_word' id='word_1_147' title='bbox 212 2239 305 2304; x_wconf 92' lang='lat' dir='ltr'><strong>ritur.</strong></span> <span class='ocrx_word' id='word_1_148' title='bbox 350 2239 478 2304; x_wconf 89' lang='lat' dir='ltr'><strong>Deinde</strong></span> <span class='ocrx_word' id='word_1_149' title='bbox 491 2251 566 2325; x_wconf 90' lang='lat' dir='ltr'><strong>post</strong></span> <span class='ocrx_word' id='word_1_150' title='bbox 581 2241 722 2305; x_wconf 89' lang='lat' dir='ltr'><strong>triduum</strong></span> <span class='ocrx_word' id='word_1_151' title='bbox 737 2242 804 2306; x_wconf 84' lang='lat' dir='ltr'><strong>fere</strong></span> <span class='ocrx_word' id='word_1_152' title='bbox 815 2241 935 2327; x_wconf 89' lang='lat' dir='ltr'><strong>ubique</strong></span> <span class='ocrx_word' id='word_1_153' title='bbox 947 2241 1209 2306; x_wconf 83' lang='lat' dir='ltr'><strong>confusuminter</strong></span> 
     </span>
     <span class='ocr_line' id='line_1_21' title="bbox 213 2324 1207 2414; baseline 0.001 -24"><span class='ocrx_word' id='word_1_154' title='bbox 213 2347 323 2390; x_wconf 91' lang='lat' dir='ltr'><strong>omnes</strong></span> <span class='ocrx_word' id='word_1_155' title='bbox 348 2326 445 2405; x_wconf 90' lang='lat' dir='ltr'><strong>sidus,</strong></span> <span class='ocrx_word' id='word_1_156' title='bbox 475 2326 618 2391; x_wconf 84' lang='lat' dir='ltr'><strong>iudicans</strong></span> <span class='ocrx_word' id='word_1_157' title='bbox 638 2328 725 2414; x_wconf 91' lang='lat' dir='ltr'><strong>quod</strong></span> <span class='ocrx_word' id='word_1_158' title='bbox 749 2324 848 2392; x_wconf 90' lang='lat' dir='ltr'><strong>Canis</strong></span> <span class='ocrx_word' id='word_1_159' title='bbox 871 2338 945 2391; x_wconf 92' lang='lat' dir='ltr'><strong>ortu</strong></span> <span class='ocrx_word' id='word_1_160' title='bbox 969 2337 1114 2404; x_wconf 82' lang='lat' dir='ltr'><strong>vocatus,</strong></span> <span class='ocrx_word' id='word_1_161' title='bbox 1132 2326 1207 2391; x_wconf 87' lang='lat' dir='ltr'><strong>Sole</strong></span> 
     </span>
     <span class='ocr_line' id='line_1_22' title="bbox 211 2409 1209 2498; baseline 0.001 -22"><span class='ocrx_word' id='word_1_162' title='bbox 211 2409 337 2497; x_wconf 85' lang='lat' dir='ltr'><strong>partem</strong></span> <span class='ocrx_word' id='word_1_163' title='bbox 351 2413 488 2497; x_wconf 88' lang='lat' dir='ltr'><strong>primam</strong></span> <span class='ocrx_word' id='word_1_164' title='bbox 498 2410 617 2477; x_wconf 90' lang='lat' dir='ltr'><strong>Leonis</strong></span> <span class='ocrx_word' id='word_1_165' title='bbox 627 2413 767 2492; x_wconf 84' lang='lat' dir='ltr'><strong>ingresso</strong></span> <span class='ocrx_word' id='word_1_166' title='bbox 780 2436 853 2478; x_wconf 87' lang='lat' dir='ltr'><strong>cum</strong></span> <span class='ocrx_word' id='word_1_167' title='bbox 864 2413 907 2478; x_wconf 89' lang='lat' dir='ltr'><strong>sit</strong></span> <span class='ocrx_word' id='word_1_168' title='bbox 917 2413 1108 2490; x_wconf 88' lang='lat' dir='ltr'><strong>Solstitium,</strong></span> <span class='ocrx_word' id='word_1_169' title='bbox 1121 2413 1209 2498; x_wconf 93' lang='lat' dir='ltr'><strong>quod</strong></span> 
     </span>
     <span class='ocr_line' id='line_1_23' title="bbox 212 2497 1206 2583; baseline 0.002 -22"><span class='ocrx_word' id='word_1_170' title='bbox 212 2498 299 2562; x_wconf 90' lang='lat' dir='ltr'><strong>sidus</strong></span> <span class='ocrx_word' id='word_1_171' title='bbox 314 2499 458 2563; x_wconf 85' lang='lat' dir='ltr'><strong>accendit</strong></span> <span class='ocrx_word' id='word_1_172' title='bbox 474 2497 581 2563; x_wconf 87' lang='lat' dir='ltr'><strong>Solem</strong></span> <span class='ocrx_word' id='word_1_173' title='bbox 594 2509 626 2562; x_wconf 86' lang='lat' dir='ltr'><strong>et</strong></span> <span class='ocrx_word' id='word_1_174' title='bbox 638 2522 786 2583; x_wconf 85' lang='lat' dir='ltr'><strong>magnam</strong></span> <span class='ocrx_word' id='word_1_175' title='bbox 797 2509 896 2564; x_wconf 89' lang='lat' dir='ltr'><strong>aestus</strong></span> <span class='ocrx_word' id='word_1_176' title='bbox 907 2500 1057 2564; x_wconf 85' lang='lat' dir='ltr'><strong>obtinent</strong></span> <span class='ocrx_word' id='word_1_177' title='bbox 1068 2521 1206 2570; x_wconf 88' lang='lat' dir='ltr'><strong>causam.</strong></span> 
     </span>
     <span class='ocr_line' id='line_1_24' title="bbox 212 2582 1207 2671; baseline 0.001 -23"><span class='ocrx_word' id='word_1_178' title='bbox 212 2582 314 2651; x_wconf 91' lang='lat' dir='ltr'>XVI.</span> <span class='ocrx_word' id='word_1_179' title='bbox 336 2584 395 2650; x_wconf 89' lang='lat' dir='ltr'><strong>cal.</strong></span> <span class='ocrx_word' id='word_1_180' title='bbox 418 2583 558 2668; x_wconf 81' lang='lat' dir='ltr'><strong>August.</strong></span> <span class='ocrx_word' id='word_1_181' title='bbox 583 2585 729 2671; x_wconf 88' lang='lat' dir='ltr'><strong>AEgypto</strong></span> <span class='ocrx_word' id='word_1_182' title='bbox 752 2585 872 2671; x_wconf 90' lang='lat' dir='ltr'><strong>Aquila</strong></span> <span class='ocrx_word' id='word_1_183' title='bbox 897 2586 1012 2650; x_wconf 90' lang='lat' dir='ltr'><strong>occidit</strong></span> <span class='ocrx_word' id='word_1_184' title='bbox 1034 2585 1207 2662; x_wconf 85' lang='lat' dir='ltr'><strong>matutino,</strong></span> 
     </span>
     <span class='ocr_line' id='line_1_25' title="bbox 212 2667 1207 2758; baseline 0 -24"><span class='ocrx_word' id='word_1_185' title='bbox 212 2669 459 2757; x_wconf 88' lang='lat' dir='ltr'><strong>Etesiarumque</strong></span> <span class='ocrx_word' id='word_1_186' title='bbox 475 2669 642 2736; x_wconf 88' lang='lat' dir='ltr'><strong>Prodromi</strong></span> <span class='ocrx_word' id='word_1_187' title='bbox 655 2672 751 2736; x_wconf 89' lang='lat' dir='ltr'><strong>flatus</strong></span> <span class='ocrx_word' id='word_1_188' title='bbox 764 2671 935 2756; x_wconf 89' lang='lat' dir='ltr'><strong>incipiunt,</strong></span> <span class='ocrx_word' id='word_1_189' title='bbox 951 2671 1038 2758; x_wconf 92' lang='lat' dir='ltr'><strong>quod</strong></span> <span class='ocrx_word' id='word_1_190' title='bbox 1049 2667 1160 2736; x_wconf 88' lang='lat' dir='ltr'><strong>Caesar</strong></span> <span class='ocrx_word' id='word_1_191' title='bbox 1169 2669 1207 2735; x_wconf 95' lang='lat' dir='ltr'>X</span> 
     </span>
     <span class='ocr_line' id='line_1_26' title="bbox 211 2755 1207 2843; baseline 0 -23"><span class='ocrx_word' id='word_1_192' title='bbox 211 2756 269 2822; x_wconf 88' lang='lat' dir='ltr'><strong>cal.</strong></span> <span class='ocrx_word' id='word_1_193' title='bbox 298 2755 382 2841; x_wconf 88' lang='lat' dir='ltr'><strong>Aug.</strong></span> <span class='ocrx_word' id='word_1_194' title='bbox 408 2757 527 2821; x_wconf 89' lang='lat' dir='ltr'><strong>sentire</strong></span> <span class='ocrx_word' id='word_1_195' title='bbox 549 2755 676 2822; x_wconf 84' lang='lat' dir='ltr'><strong>Italiam</strong></span> <span class='ocrx_word' id='word_1_196' title='bbox 697 2757 909 2822; x_wconf 85' lang='lat' dir='ltr'><strong>existimavit:</strong></span> <span class='ocrx_word' id='word_1_197' title='bbox 942 2757 1064 2843; x_wconf 90' lang='lat' dir='ltr'><strong>Aquila</strong></span> <span class='ocrx_word' id='word_1_198' title='bbox 1085 2756 1207 2823; x_wconf 86' lang='lat' dir='ltr'><strong>Atticae</strong></span> 
     </span>
     <span class='ocr_line' id='line_1_27' title="bbox 211 2842 1208 2927; baseline 0.003 -21"><span class='ocrx_word' id='word_1_199' title='bbox 211 2842 371 2906; x_wconf 85' lang='lat' dir='ltr'><strong>matutino</strong></span> <span class='ocrx_word' id='word_1_200' title='bbox 395 2843 518 2908; x_wconf 90' lang='lat' dir='ltr'><strong>occidit.</strong></span> <span class='ocrx_word' id='word_1_201' title='bbox 562 2842 668 2913; x_wconf 87' lang='lat' dir='ltr'><strong>VIII.</strong></span> <span class='ocrx_word' id='word_1_202' title='bbox 691 2844 764 2908; x_wconf 92' lang='lat' dir='ltr'><strong>idus</strong></span> <span class='ocrx_word' id='word_1_203' title='bbox 790 2843 877 2927; x_wconf 86' lang='lat' dir='ltr'><strong>Aug.</strong></span> <span class='ocrx_word' id='word_1_204' title='bbox 901 2843 1059 2927; x_wconf 79' lang='lat' dir='ltr'><strong>Arotruus</strong></span> <span class='ocrx_word' id='word_1_205' title='bbox 1082 2843 1208 2909; x_wconf 91' lang='lat' dir='ltr'><strong>medius</strong></span> 
     </span>
     <span class='ocr_line' id='line_1_28' title="bbox 212 2929 336 2993; baseline -0.008 0"><span class='ocrx_word' id='word_1_206' title='bbox 212 2929 336 2993; x_wconf 86' lang='lat' dir='ltr'><strong>occidit.</strong></span> 
     </span>
    </p>

    <p class='ocr_par' dir='ltr' id='par_1_4' title="bbox 209 3013 1209 3617">
     <span class='ocr_line' id='line_1_29' title="bbox 256 3013 1208 3098; baseline 0.001 -20"><span class='ocrx_word' id='word_1_207' title='bbox 256 3014 325 3079; x_wconf 93' lang='lat' dir='ltr'><strong>III.</strong></span> <span class='ocrx_word' id='word_1_208' title='bbox 342 3015 413 3079; x_wconf 94' lang='lat' dir='ltr'><strong>idus</strong></span> <span class='ocrx_word' id='word_1_209' title='bbox 423 3013 510 3098; x_wconf 82' lang='lat' dir='ltr'><strong>Aug.</strong></span> <span class='ocrx_word' id='word_1_210' title='bbox 521 3015 665 3080; x_wconf 85' lang='lat' dir='ltr'><strong>Fidicula</strong></span> <span class='ocrx_word' id='word_1_211' title='bbox 676 3037 787 3079; x_wconf 89' lang='lat' dir='ltr'><strong>occasu</strong></span> <span class='ocrx_word' id='word_1_212' title='bbox 797 3037 854 3079; x_wconf 90' lang='lat' dir='ltr'><strong>suo</strong></span> <span class='ocrx_word' id='word_1_213' title='bbox 867 3025 1057 3079; x_wconf 87' lang='lat' dir='ltr'><strong>autumnum</strong></span> <span class='ocrx_word' id='word_1_214' title='bbox 1067 3014 1208 3093; x_wconf 88' lang='lat' dir='ltr'><strong>inchoat,</strong></span> 
     </span>
     <span class='ocr_line' id='line_1_30' title="bbox 210 3101 1209 3185; baseline 0.004 -24"><span class='ocrx_word' id='word_1_215' title='bbox 210 3110 266 3164; x_wconf 90' lang='lat' dir='ltr'><strong>aut</strong></span> <span class='ocrx_word' id='word_1_216' title='bbox 292 3112 445 3179; x_wconf 80' lang='lat' dir='ltr'><strong>annotat3</strong></span> <span class='ocrx_word' id='word_1_217' title='bbox 470 3101 525 3165; x_wconf 89' lang='lat' dir='ltr'><strong>sed</strong></span> <span class='ocrx_word' id='word_1_218' title='bbox 540 3125 613 3166; x_wconf 85' lang='lat' dir='ltr'><strong>vcra</strong></span> <span class='ocrx_word' id='word_1_219' title='bbox 627 3101 709 3165; x_wconf 88' lang='lat' dir='ltr'><strong>ratio</strong></span> <span class='ocrx_word' id='word_1_220' title='bbox 723 3101 757 3165; x_wconf 91' lang='lat' dir='ltr'><strong>id</strong></span> <span class='ocrx_word' id='word_1_221' title='bbox 771 3102 841 3166; x_wconf 89' lang='lat' dir='ltr'><strong>fieri</strong></span> <span class='ocrx_word' id='word_1_222' title='bbox 864 3101 986 3165; x_wconf 86' lang='lat' dir='ltr'><strong>invenit</strong></span> <span class='ocrx_word' id='word_1_223' title='bbox 1010 3101 1111 3185; x_wconf 87' lang='lat' dir='ltr'><strong>pridie</strong></span> <span class='ocrx_word' id='word_1_224' title='bbox 1135 3101 1209 3165; x_wconf 90' lang='lat' dir='ltr'><strong>idus</strong></span> 
     </span>
     <span class='ocr_line' id='line_1_31' title="bbox 210 3183 1209 3273; baseline 0 -23"><span class='ocrx_word' id='word_1_225' title='bbox 210 3186 296 3270; x_wconf 89' lang='lat' dir='ltr'><strong>Aug.</strong></span> <span class='ocrx_word' id='word_1_226' title='bbox 320 3187 435 3273; x_wconf 89' lang='lat' dir='ltr'><strong>Equus</strong></span> <span class='ocrx_word' id='word_1_227' title='bbox 450 3187 552 3251; x_wconf 89' lang='lat' dir='ltr'><strong>oritur</strong></span> <span class='ocrx_word' id='word_1_228' title='bbox 577 3187 712 3272; x_wconf 85' lang='lat' dir='ltr'><strong>vesperi,</strong></span> <span class='ocrx_word' id='word_1_229' title='bbox 739 3198 772 3251; x_wconf 90' lang='lat' dir='ltr'><strong>et</strong></span> <span class='ocrx_word' id='word_1_230' title='bbox 795 3183 927 3252; x_wconf 77' lang='lat' dir='ltr'><strong>Caesari.</strong></span> <span class='ocrx_word' id='word_1_231' title='bbox 955 3187 1101 3272; x_wconf 88' lang='lat' dir='ltr'><strong>AEgypto</strong></span> <span class='ocrx_word' id='word_1_232' title='bbox 1129 3187 1209 3251; x_wconf 92' lang='lat' dir='ltr'><strong>Del-</strong></span> 
     </span>
     <span class='ocr_line' id='line_1_32' title="bbox 209 3270 1208 3358; baseline 0.002 -23"><span class='ocrx_word' id='word_1_233' title='bbox 209 3271 328 3357; x_wconf 86' lang='lat' dir='ltr'><strong>phinus</strong></span> <span class='ocrx_word' id='word_1_234' title='bbox 343 3272 467 3339; x_wconf 88' lang='lat' dir='ltr'><strong>occidit.</strong></span> <span class='ocrx_word' id='word_1_235' title='bbox 491 3271 558 3337; x_wconf 87' lang='lat' dir='ltr'><strong>XI.</strong></span> <span class='ocrx_word' id='word_1_236' title='bbox 573 3274 632 3337; x_wconf 87' lang='lat' dir='ltr'><strong>cal.</strong></span> <span class='ocrx_word' id='word_1_237' title='bbox 644 3270 851 3358; x_wconf 87' lang='lat' dir='ltr'><strong>Septembres</strong></span> <span class='ocrx_word' id='word_1_238' title='bbox 864 3273 1006 3358; x_wconf 86' lang='lat' dir='ltr'><strong>Assyriis</strong></span> <span class='ocrx_word' id='word_1_239' title='bbox 1018 3273 1120 3350; x_wconf 88' lang='lat' dir='ltr'><strong>stella,</strong></span> <span class='ocrx_word' id='word_1_240' title='bbox 1134 3295 1208 3358; x_wconf 82' lang='lat' dir='ltr'><strong>quae</strong></span> 
     </span>
     <span class='ocr_line' id='line_1_33' title="bbox 209 3357 1209 3444; baseline -0.001 -20"><span class='ocrx_word' id='word_1_241' title='bbox 209 3357 508 3424; x_wconf 89' lang='lat' dir='ltr'><strong>Antevindemiator</strong></span> <span class='ocrx_word' id='word_1_242' title='bbox 523 3359 712 3444; x_wconf 88' lang='lat' dir='ltr'><strong>appellatur,</strong></span> <span class='ocrx_word' id='word_1_243' title='bbox 730 3359 849 3423; x_wconf 90' lang='lat' dir='ltr'><strong>exoriri</strong></span> <span class='ocrx_word' id='word_1_244' title='bbox 872 3381 965 3422; x_wconf 90' lang='lat' dir='ltr'><strong>mane</strong></span> <span class='ocrx_word' id='word_1_245' title='bbox 990 3358 1115 3443; x_wconf 88' lang='lat' dir='ltr'><strong>incipit,</strong></span> <span class='ocrx_word' id='word_1_246' title='bbox 1140 3359 1209 3423; x_wconf 92' lang='lat' dir='ltr'><strong>vin-</strong></span> 
     </span>
     <span class='ocr_line' id='line_1_34' title="bbox 209 3444 1209 3530; baseline 0 -21"><span class='ocrx_word' id='word_1_247' title='bbox 209 3444 324 3509; x_wconf 91' lang='lat' dir='ltr'><strong>demiae</strong></span> <span class='ocrx_word' id='word_1_248' title='bbox 342 3446 562 3510; x_wconf 86' lang='lat' dir='ltr'><strong>maturitatem</strong></span> <span class='ocrx_word' id='word_1_249' title='bbox 577 3445 779 3530; x_wconf 87' lang='lat' dir='ltr'><strong>promittens,</strong></span> <span class='ocrx_word' id='word_1_250' title='bbox 801 3446 892 3530; x_wconf 83' lang='lat' dir='ltr'><strong>cujus</strong></span> <span class='ocrx_word' id='word_1_251' title='bbox 907 3455 1097 3529; x_wconf 90' lang='lat' dir='ltr'><strong>argumento</strong></span> <span class='ocrx_word' id='word_1_252' title='bbox 1113 3456 1209 3509; x_wconf 91' lang='lat' dir='ltr'><strong>erunt</strong></span> 
     </span>
     <span class='ocr_line' id='line_1_35' title="bbox 210 3528 1206 3617; baseline 0.001 -23"><span class='ocrx_word' id='word_1_253' title='bbox 210 3531 284 3614; x_wconf 88' lang='lat' dir='ltr'><strong>agni</strong></span> <span class='ocrx_word' id='word_1_254' title='bbox 312 3531 415 3596; x_wconf 90' lang='lat' dir='ltr'><strong>colore</strong></span> <span class='ocrx_word' id='word_1_255' title='bbox 440 3532 567 3609; x_wconf 89' lang='lat' dir='ltr'><strong>mutati,</strong></span> <span class='ocrx_word' id='word_1_256' title='bbox 595 3542 628 3595; x_wconf 89' lang='lat' dir='ltr'><strong>et</strong></span> <span class='ocrx_word' id='word_1_257' title='bbox 653 3531 794 3615; x_wconf 88' lang='lat' dir='ltr'><strong>Assyriis</strong></span> <span class='ocrx_word' id='word_1_258' title='bbox 819 3533 933 3617; x_wconf 92' lang='lat' dir='ltr'><strong>quinto</strong></span> <span class='ocrx_word' id='word_1_259' title='bbox 958 3531 1016 3596; x_wconf 88' lang='lat' dir='ltr'><strong>cal.</strong></span> <span class='ocrx_word' id='word_1_260' title='bbox 1041 3528 1206 3614; x_wconf 89' lang='lat' dir='ltr'><strong>Septemb.</strong></span> 
     </span>
    </p>
   </div>
   <div class='ocr_carea' id='block_1_3' title="bbox 208 3614 1209 4135">
    <p class='ocr_par' dir='ltr' id='par_1_5' title="bbox 208 3614 1209 4135">
     <span class='ocr_line' id='line_1_36' title="bbox 210 3614 1208 3700; baseline -0.001 -19"><span class='ocrx_word' id='word_1_261' title='bbox 210 3614 337 3700; x_wconf 86' lang='lat' dir='ltr'><strong>Sagitta</strong></span> <span class='ocrx_word' id='word_1_262' title='bbox 352 3618 477 3695; x_wconf 89' lang='lat' dir='ltr'><strong>occidit,</strong></span> <span class='ocrx_word' id='word_1_263' title='bbox 491 3616 611 3682; x_wconf 85' lang='lat' dir='ltr'><strong>Etesiae</strong></span> <span class='ocrx_word' id='word_1_264' title='bbox 636 3640 676 3682; x_wconf 89' lang='lat' dir='ltr'><strong>ue</strong></span> <span class='ocrx_word' id='word_1_265' title='bbox 697 3617 856 3681; x_wconf 89' lang='lat' dir='ltr'><strong>desinunt.</strong></span> <span class='ocrx_word' id='word_1_266' title='bbox 901 3616 1208 3682; x_wconf 87' lang='lat' dir='ltr'><strong>Andeviudemiator</strong></span> 
     </span>
     <span class='ocr_line' id='line_1_37' title="bbox 209 3639 1209 3788; baseline 0 -21"><span class='ocrx_word' id='word_1_267' title='bbox 209 3703 356 3788; x_wconf 85' lang='lat' dir='ltr'><strong>AEgypto</strong></span> <span class='ocrx_word' id='word_1_268' title='bbox 372 3704 465 3768; x_wconf 89' lang='lat' dir='ltr'><strong>nonis</strong></span> <span class='ocrx_word' id='word_1_269' title='bbox 488 3639 730 3788; x_wconf 67' lang='lat' dir='ltr'><strong>Septembribus</strong></span> <span class='ocrx_word' id='word_1_270' title='bbox 750 3704 862 3769; x_wconf 87' lang='lat' dir='ltr'><strong>oritur.</strong></span> <span class='ocrx_word' id='word_1_271' title='bbox 907 3702 1027 3766; x_wconf 89' lang='lat' dir='ltr'><strong>Atticae</strong></span> <span class='ocrx_word' id='word_1_272' title='bbox 1049 3703 1209 3767; x_wconf 89' lang='lat' dir='ltr'><strong>Arcturus</strong></span> 
     </span>
     <span class='ocr_line' id='line_1_38' title="bbox 209 3787 1209 3874; baseline 0 -21"><span class='ocrx_word' id='word_1_273' title='bbox 209 3789 381 3867; x_wconf 88' lang='lat' dir='ltr'><strong>matutino,</strong></span> <span class='ocrx_word' id='word_1_274' title='bbox 407 3801 440 3853; x_wconf 90' lang='lat' dir='ltr'><strong>et</strong></span> <span class='ocrx_word' id='word_1_275' title='bbox 462 3789 588 3874; x_wconf 85' lang='lat' dir='ltr'><strong>Sagitta</strong></span> <span class='ocrx_word' id='word_1_276' title='bbox 605 3790 720 3854; x_wconf 84' lang='lat' dir='ltr'><strong>occidit</strong></span> <span class='ocrx_word' id='word_1_277' title='bbox 738 3811 842 3853; x_wconf 87' lang='lat' dir='ltr'><strong>mane.</strong></span> <span class='ocrx_word' id='word_1_278' title='bbox 887 3787 930 3853; x_wconf 91' lang='lat' dir='ltr'><strong>V.</strong></span> <span class='ocrx_word' id='word_1_279' title='bbox 952 3789 1024 3853; x_wconf 91' lang='lat' dir='ltr'><strong>idus</strong></span> <span class='ocrx_word' id='word_1_280' title='bbox 1043 3788 1209 3873; x_wconf 86' lang='lat' dir='ltr'><strong>Septemb.</strong></span> 
     </span>
     <span class='ocr_line' id='line_1_39' title="bbox 209 3873 1209 3961; baseline -0.003 -20"><span class='ocrx_word' id='word_1_281' title='bbox 209 3874 332 3941; x_wconf 86' lang='lat' dir='ltr'><strong>Caesari</strong></span> <span class='ocrx_word' id='word_1_282' title='bbox 348 3873 484 3961; x_wconf 88' lang='lat' dir='ltr'><strong>Capella</strong></span> <span class='ocrx_word' id='word_1_283' title='bbox 498 3877 600 3940; x_wconf 89' lang='lat' dir='ltr'><strong>oritur</strong></span> <span class='ocrx_word' id='word_1_284' title='bbox 609 3875 752 3960; x_wconf 87' lang='lat' dir='ltr'><strong>vesperi:</strong></span> <span class='ocrx_word' id='word_1_285' title='bbox 770 3874 930 3940; x_wconf 89' lang='lat' dir='ltr'><strong>Arcturus</strong></span> <span class='ocrx_word' id='word_1_286' title='bbox 939 3898 1013 3939; x_wconf 90' lang='lat' dir='ltr'><strong>vero</strong></span> <span class='ocrx_word' id='word_1_287' title='bbox 1023 3875 1126 3960; x_wconf 89' lang='lat' dir='ltr'><strong>pridie</strong></span> <span class='ocrx_word' id='word_1_288' title='bbox 1137 3875 1209 3938; x_wconf 88' lang='lat' dir='ltr'><strong>idus</strong></span> 
     </span>
     <span class='ocr_line' id='line_1_40' title="bbox 211 3961 1209 4046; baseline -0.002 -20"><span class='ocrx_word' id='word_1_289' title='bbox 211 3961 376 4046; x_wconf 85' lang='lat' dir='ltr'><strong>Septemb.</strong></span> <span class='ocrx_word' id='word_1_290' title='bbox 393 3963 513 4027; x_wconf 88' lang='lat' dir='ltr'><strong>imbres</strong></span> <span class='ocrx_word' id='word_1_291' title='bbox 527 3961 819 4026; x_wconf 84' lang='lat' dir='ltr'><strong>vehementissimos</strong></span> <span class='ocrx_word' id='word_1_292' title='bbox 835 3961 1005 4044; x_wconf 84' lang='lat' dir='ltr'><strong>significat,</strong></span> <span class='ocrx_word' id='word_1_293' title='bbox 1018 3972 1103 4025; x_wconf 85' lang='lat' dir='ltr'><strong>terra</strong></span> <span class='ocrx_word' id='word_1_294' title='bbox 1113 3961 1209 4025; x_wconf 87' lang='lat' dir='ltr'><strong>mari-</strong></span> 
     </span>
     <span class='ocr_line' id='line_1_41' title="bbox 208 4047 1209 4135; baseline -0.004 -21"><span class='ocrx_word' id='word_1_295' title='bbox 208 4069 282 4133; x_wconf 89' lang='lat' dir='ltr'><strong>que.</strong></span> <span class='ocrx_word' id='word_1_296' title='bbox 328 4047 429 4114; x_wconf 89' lang='lat' dir='ltr'><strong>Ratio</strong></span> <span class='ocrx_word' id='word_1_297' title='bbox 453 4050 521 4135; x_wconf 91' lang='lat' dir='ltr'><strong>ejus</strong></span> <span class='ocrx_word' id='word_1_298' title='bbox 545 4047 616 4113; x_wconf 88' lang='lat' dir='ltr'><strong>haec</strong></span> <span class='ocrx_word' id='word_1_299' title='bbox 641 4049 788 4127; x_wconf 86' lang='lat' dir='ltr'><strong>traditur,</strong></span> <span class='ocrx_word' id='word_1_300' title='bbox 811 4048 838 4112; x_wconf 91' lang='lat' dir='ltr'><strong>si</strong></span> <span class='ocrx_word' id='word_1_301' title='bbox 853 4047 1019 4132; x_wconf 88' lang='lat' dir='ltr'><strong>Delphino</strong></span> <span class='ocrx_word' id='word_1_302' title='bbox 1045 4047 1209 4112; x_wconf 86' lang='lat' dir='ltr'><strong>occidente</strong></span> 
     </span>
    </p>
   </div>
   <div class='ocr_carea' id='block_1_4' title="bbox 0 0 1438 4848">
    <p class='ocr_par' dir='ltr' id='par_1_6' title="bbox 0 0 1438 4848">
     <span class='ocr_line' id='line_1_42' title="bbox 0 0 1438 4848; baseline 0 1"><span class='ocrx_word' id='word_1_303' title='bbox 0 0 1438 4848; x_wconf 95' lang='lat' dir='ltr'><strong> </strong></span> 
     </span>
    </p>
   </div>
  </div>
 </body>
</html>
