2868 4848
262 583 302 647 16
661 600 856 648 ocaururcr

262 740 361 806 Altus
379 741 481 806 Athos
495 742 545 805 vel
561 739 696 826 Cyllene
712 744 761 808 vel
776 743 928 808 candidus
945 743 1092 822 Haemus,

259 827 428 911 Gargaron
444 838 502 892 aut
519 827 587 906 Ide,
605 829 774 913 Superisve
790 831 929 912 agitatus
945 829 1115 915 Olympus,

258 909 349 977 Tunc
364 914 479 978 dextra
493 914 636 998 laevaque
652 915 746 978 simul
761 915 930 980 redeuntia
944 917 1043 1000 signis

259 997 372 1064 Sidera
390 1000 416 1062 si
432 1000 528 1078 ndris,
545 1023 711 1084 nunquam
727 1012 759 1064 tc
775 1011 919 1086 tempora
933 1003 1035 1065 noctis
1208 1003 1256 1050 590

260 1084 440 1168 Effugient,
456 1107 623 1170 uunquam
637 1087 767 1150 veniens
782 1086 954 1150 Tithonius
970 1099 1069 1151 ortus.

728 1170 853 1218 [omnum
862 1179 891 1210 ΕΤ
900 1179 1039 1210 OCCIDBNTIA
1048 1179 1135 1210 CANCEO
1144 1179 1255 1210 omum.

303 1219 415 1286 Quum
430 1219 567 1304 primum
586 1220 743 1285 Cancrum
759 1220 882 1306 Tethys
896 1223 1016 1286 emittit
1030 1223 1065 1286 in
1080 1245 1183 1300 auras,

258 1304 393 1390 Excipit
412 1305 560 1370 Oceanus
577 1305 700 1370 Minoae
715 1317 800 1370 serta
814 1329 949 1384 coronae,

258 1390 384 1454 Occidit
398 1403 431 1456 et
447 1392 539 1455 dorso
556 1391 656 1456 Piscis
671 1392 836 1476 caudaque
853 1393 975 1476 priore:

257 1475 421 1560 Mergitur
435 1477 468 1540 in
482 1488 566 1541 totos
581 1477 730 1541 humeros
747 1477 937 1561 Ophiuchus
955 1490 989 1543 et
1005 1477 1132 1562 Anguis
1205 1479 1253 1527 595

258 1561 382 1626 Ultima
396 1563 497 1626 cauda
510 1563 624 1641 micat;
649 1574 753 1627 tortus
768 1564 866 1628 habet
880 1564 935 1627 illa
950 1565 1117 1628 timendos.

257 1647 292 1711 N
294 1671 328 1712 cc
343 1649 446 1712 multo
462 1648 684 1733 Arctophylax
700 1649 774 1712 hinc
789 1649 884 1732 longe
899 1651 1043 1734 subjacet
1059 1662 1155 1729 astro,

257 1733 397 1798 Lumine
413 1735 467 1819 qui
483 1735 586 1819 primo
602 1757 702 1818 quum
719 1735 866 1818 Scorpios
882 1736 997 1799 occidit
1011 1736 1117 1816 undis,

259 1819 426 1884 Occulitur
440 1820 594 1904 pedibus3
619 1820 713 1884 durat
729 1832 836 1883 tamen
850 1821 969 1884 arduus
984 1844 1049 1898 ore,

258 1903 349 1969 Dum
364 1906 502 1989 rigidum
519 1904 669 1989 AEgoceri
685 1906 812 1989 signum
827 1906 910 1970 freta
924 1906 1029 1971 lucida
1044 1919 1152 1974 terret.
1204 1910 1254 1958 600

260 1991 390 2054 Siderea
404 1991 458 2054 vix
475 2003 545 2054 tum
560 1991 694 2055 satiatus
706 1992 778 2055 luce
796 1991 915 2056 Bootes

259 2076 300 2140 In
315 2087 417 2141 terras
433 2077 500 2141 abit
515 2088 548 2140 et
563 2077 663 2141 noctis
679 2077 751 2162 plus
766 2089 857 2161 parte
873 2077 1038 2162 relinquit.

259 2162 307 2226 At
323 2173 436 2226 contra
450 2162 539 2226 nullo
554 2163 697 2226 defectus
711 2163 832 2226 lumine
847 2174 936 2227 totus

214 2289 220 2296 -
259 2248 360 2312 Orion
375 2248 515 2312 humeris
531 2248 722 2331 splendebit,
738 2271 918 2332 magnaque
935 2249 1011 2313 Divi

257 2333 386 2418 Vagina
400 2346 434 2398 et
447 2334 531 2398 claro
546 2334 675 2397 caelatus
690 2334 815 2398 balteus
830 2335 916 2417 igni:

258 2418 391 2486 Cornua
406 2430 438 2484 et
455 2420 615 2484 Eridanus
629 2421 752 2503 liquido
767 2420 850 2483 feret
864 2432 1002 2504 utraque
1018 2421 1104 2486 caelo.

295 2505 1043 2591 AtquumprimajubaradihritllanrmaLeonis,
1058 2515 1254 2549 enarratam.

258 2591 426 2677 Quidquid
441 2603 531 2676 parte
543 2592 639 2654 micat
654 2591 740 2668 caelo,
754 2595 812 2656 hoc
826 2602 986 2669 nascente,
1004 2594 1063 2655 sub
1078 2593 1180 2657 undas

258 2677 364 2741 Omne
379 2678 446 2741 abit
460 2688 558 2761 atque
573 2677 633 2740 feri
644 2678 799 2741 venientis
816 2677 939 2760 defugit
955 2701 1019 2742 ora.

257 2763 341 2827 Tota
354 2762 442 2827 Jovis
457 2786 561 2827 mersa
575 2776 624 2827 est
638 2763 751 2846 pennis
767 2763 969 2827 stellantibus
985 2763 1082 2840 Ales3
1203 2767 1250 2814 610

258 2848 391 2934 Quique
406 2871 493 2932 genu
507 2849 612 2933 posito
627 2849 768 2912 defessus
783 2849 931 2912 conditur
944 2850 1049 2926 undis,

260 2935 393 2999 Summa
407 2958 493 3019 genu
508 2935 658 2998 subversa
672 2945 772 3012 tenet,
791 2959 855 3019 qua
870 2958 902 2998 se
919 2934 1006 3019 Lyra
1020 2947 1134 3014 versat,

257 3019 361 3086 Crure
378 3033 489 3086 tenus:
520 3021 603 3085 redit
617 3021 650 3084 in
667 3020 780 3084 caelum
796 3021 876 3084 vasti
891 3033 987 3105 caput
1004 3021 1118 3106 Hydri,

259 3107 305 3170 Et
318 3108 437 3190 pernix
452 3106 561 3191 Lepus
577 3117 609 3170 et
625 3106 772 3190 Procyon
788 3118 820 3170 et
837 3106 939 3170 Sirius
953 3107 1031 3192 ipse,

257 3193 436 3277 Totiusque
453 3192 548 3256 Oanis
562 3192 665 3256 rabidi
679 3193 812 3275 vestigia
826 3193 938 3276 prima.
1201 3197 1248 3244 615

300 3278 432 3363 Accipe,
449 3301 522 3364 quae
537 3278 640 3343 vitent
655 3301 779 3340 exorsae
787 3277 932 3361 Virginis
947 3300 1016 3342 ora:
1032 3285 1249 3319 onrsrrrvnaaa

257 3364 440 3449 Delphinus
455 3365 539 3429 notis
549 3366 618 3449 jam
634 3374 702 3428 tum
719 3364 887 3428 deflexerit
903 3364 1007 3442 undis,

256 3451 303 3515 Et
318 3451 406 3535 Lyra
421 3451 513 3514 dulce
529 3473 643 3514 sonans
659 3461 691 3512 et
707 3450 842 3513 flammis
857 3450 960 3513 cincta
976 3448 1118 3533 Sagitta;

256 3537 303 3600 Et
317 3537 427 3600 niveus
443 3534 573 3621 Cycnus
589 3535 770 3620 properbrit
786 3547 916 3618 tangere
932 3537 1049 3600 fluctus
1062 3559 1069 3612 ;

257 3622 405 3708 Utraque
420 3645 526 3706 penna
541 3622 649 3686 volans
670 3623 803 3686 caudam
818 3622 872 3685 vix
887 3622 975 3686 lucet
987 3622 1028 3685 ad
1042 3622 1162 3706 ipsam3
1201 3621 1248 3670 620

256 3708 482 3792 Nigrescitque
497 3707 614 3785 Padus,
631 3719 725 3771 terrae
741 3706 797 3790 qui
812 3709 978 3792 proximus
994 3708 1105 3771 amnis

255 3794 284 3856 T
287 3817 339 3857 um
356 3805 452 3878 caput
467 3794 639 3858 abscondet
656 3794 807 3877 Sonipes3
832 3805 900 3857 tum
917 3804 985 3858 tota
999 3793 1114 3858 latebit

256 3880 390 3958 Cervix3
414 3891 448 3944 at
462 3890 574 3944 contra
587 3880 752 3943 sublimior
769 3879 883 3964 Hydra
896 3878 1018 3944 feretur

256 3967 389 4030 Cratera
403 3977 516 4044 tenus;
542 3976 574 4028 et
590 3975 722 4050 surgent
737 3966 891 4050 aplustria
905 3966 1023 4050 puppis
1287 4027 1288 4031 ,

255 4053 375 4135 Argoae
390 4062 543 4136 totusque
562 4051 677 4127 Canis3
702 4051 757 4114 sed
772 4074 872 4136 quum
888 4053 941 4136 pia
955 4051 1057 4135 Virgo
1201 4054 1247 4100 625

255 4137 418 4216 Nascitur,
434 4138 489 4202 illa
502 4139 579 4202 ratis
593 4137 697 4202 media
712 4138 784 4222 plus
800 4138 912 4201 arbore
926 4138 1021 4202 lucet.
