2868 4848
249 543 271 606 a
647 565 842 610 annuarum

251 705 352 772 Ortus
366 705 452 772 fama
466 706 525 784 tui,
542 705 655 770 mediis
670 717 703 771 te
717 707 793 772 laeta
805 704 930 772 ferebas

252 791 406 857 Sublimis
416 791 556 878 populis,
571 814 630 856 nec
645 791 815 876 dedignata
828 791 937 856 subire

250 875 349 943 Tecta
362 877 528 942 hominum
543 887 577 943 et
590 900 686 963 puros
701 879 769 944 sine
784 878 927 956 crimine,
945 878 1038 956 Diva,
1054 891 1199 964 penates,

251 964 272 1028 J
273 987 331 1029 ura
345 965 441 1032 dabas
456 963 610 1048 cultuque
625 987 706 1029 novo
721 963 800 1029 rude
812 965 927 1049 vulgus
941 965 976 1028 in
989 987 1099 1032 omnes
1198 970 1244 1018 ¹¹⁰

252 1050 427 1115 Formabas
441 1050 516 1114 vitae
531 1051 660 1115 sinceris
674 1051 797 1116 artibus
812 1073 899 1115 usus.

253 1136 409 1200 Nondum
423 1158 555 1202 vesanos
569 1137 672 1202 rabies
688 1136 864 1201 nudaverat
879 1159 981 1215 anses,

254 1223 324 1286 Nec
339 1223 582 1306 consanguineis
595 1222 702 1288 fuerat
716 1222 870 1287 discordia
884 1233 979 1298 nota3

254 1308 428 1394 Ignotique
443 1309 538 1372 maris
554 1331 675 1386 cursus,
691 1309 878 1394 privataque
893 1307 988 1373 tellus

166 1395 171 1408 ‘
255 1395 358 1460 Grata
373 1393 449 1460 satis
461 1419 469 1470 ;
492 1416 598 1479 neque
611 1417 670 1479 per
684 1395 797 1460 dubios
813 1394 991 1459 avidissima
1004 1406 1116 1461 ventos
1159 1457 1162 1464 ,
1201 1398 1245 1446 115

256 1480 337 1565 Spes
350 1480 462 1566 procul
476 1491 597 1545 amotas
610 1480 764 1545 fabricata
777 1503 857 1545 nave
871 1481 1005 1566 petebat

254 1566 392 1632 Divitias
404 1591 412 1644 ;
434 1565 624 1651 fructusque
638 1567 735 1631 dabam
748 1566 872 1652 placata
887 1567 998 1632 colono

257 1652 380 1738 Sponte
396 1675 454 1717 sua
468 1651 580 1731 tellus;
604 1675 663 1717 nee
678 1655 767 1737 parvi
781 1653 939 1717 terminus
954 1653 1021 1738 agri

256 1739 438 1805 Praestabat
452 1738 586 1803 dominis
600 1739 692 1823 signo
706 1739 866 1802 tutissima
879 1761 964 1803 rura.
1239 1789 1242 1796 .

299 1825 348 1890 At
361 1834 533 1926 postquam
547 1825 673 1909 argenti
687 1825 784 1888 erevit
799 1824 969 1889 deformior
979 1835 1068 1902 aetas,
1201 1825 1248 1872 ¹²⁰

256 1909 376 1976 Rarius
390 1910 498 1975 invrsit
510 1911 683 1976 maculatas
694 1910 860 1975 fraudibus
874 1911 982 1990 urbes,

258 1997 401 2081 Senaque
413 1995 454 2060 ab
469 1996 603 2060 excelsis
618 1996 811 2061 descendens
821 1997 995 2075 montibus,
1011 2019 1066 2061 ore

256 2082 375 2148 Velato
390 2081 537 2167 tristique
552 2105 650 2166 genas
665 2083 850 2148 abscondita
862 2084 952 2161 vitta,

258 2167 454 2253 Nulliusque
466 2168 576 2247 larem,
589 2169 695 2233 nullos
710 2169 776 2234 adit
790 2168 846 2233 illa
858 2180 1002 2253 penates.

136 2247 163 2320 ⁴⁴.
257 2253 398 2320 Tantum
413 2276 515 2338 quum
530 2255 691 2340 trepidum
705 2255 819 2338 vulgus
833 2265 998 2339 caetusque
1012 2255 1145 2330 notavit,
1203 2254 1248 2302 1²⁵
1324 2289 1326 2294 ,

136 2344 140 2349 ’
258 2341 430 2426 Increpat:
455 2339 485 2405 Ο
500 2341 769 2426 patrumsuboles
784 2341 884 2405 oblita
894 2341 1048 2426 priorum,

258 2427 444 2512 Degeneres
458 2450 583 2512 semper
598 2449 786 2513 semperque
800 2427 950 2492 habitura
960 2428 1109 2505 minores,

174 2509 180 2522 ’
259 2513 350 2580 Quid
363 2536 426 2591 me,
442 2516 534 2600 cujus
549 2513 618 2578 abit
632 2536 720 2592 usus,
736 2535 794 2598 per
809 2524 883 2578 vota
896 2514 1036 2579 vocatis?

259 2599 446 2667 Quaerenda
461 2611 510 2664 est
525 2599 615 2664 sedes
630 2600 722 2664 nobis
733 2621 835 2664 nova:
859 2599 965 2664 secula
977 2609 1086 2665 vestra

259 2686 395 2750 Artibus
409 2686 572 2750 indomitis
586 2684 709 2750 tradam
723 2685 897 2770 scelerique
913 2696 1056 2751 cruento.
1204 2686 1252 2734 1³⁰

259 2772 343 2837 Haec
358 2771 463 2848 effata,
480 2794 576 2856 super
590 2781 716 2836 montes
731 2772 799 2836 abit
810 2772 886 2836 alite
901 2794 1008 2850 eursu,

261 2857 428 2925 Attonitos
441 2857 591 2942 linquens
601 2858 736 2942 populos
751 2858 894 2942 graviora
897 2868 1066 3007 paventes.

303 2944 403 3008 AErea
418 2944 473 3008 sed
487 2955 657 3029 postquam
672 2943 777 3029 proles
793 2944 885 3008 terris
918 2955 981 3022 ata,
998 2966 1056 3008 nec
1066 2944 1133 3028 jam

262 3029 393 3094 Semina
408 3030 535 3094 virtutis
549 3030 634 3095 vitiis
649 3031 792 3094 demersa
806 3030 971 3107 resistunt,

261 3117 416 3201 Ferrique
431 3117 563 3181 invento
578 3137 668 3180 mens
684 3126 733 3180 est
746 3116 856 3180 laetata
869 3115 1010 3192 metallo,
1207 3116 1252 3162 155

262 3201 384 3268 Polluit
400 3213 433 3266 et
449 3211 558 3266 taurus
573 3224 698 3267 mensas
710 3212 854 3266 assuetus
867 3212 991 3267 aratro:

261 3289 416 3354 Deseruit
430 3311 564 3373 propere
580 3297 680 3354 terras
687 3289 866 3373 justissima
879 3289 978 3374 virgo,

262 3375 308 3439 Et
323 3375 393 3438 oaeli
408 3384 457 3439 est
470 3375 583 3439 sortita
597 3374 701 3438 locum
705 3423 713 3452 ,
731 3397 794 3459 qua
808 3375 976 3460 proximus
990 3373 1037 3438 illi

261 3459 384 3526 Tardus
398 3461 432 3524 iu
447 3483 591 3525 occasum
605 3461 751 3545 sequitur
766 3484 823 3525 sua
858 3460 979 3525 laustra
994 3460 1123 3525 Bootes.

305 3545 448 3631 Virginis
463 3557 496 3611 at
505 3546 639 3632 placidae
654 3547 822 3632 praestanti
835 3484 957 3611 iumine
972 3547 1078 3632 signat
1208 3546 1255 3594 140

264 3631 365 3698 Stella
378 3633 546 3711 humeros;
573 3632 710 3698 Helicen
724 3634 807 3718 ignis
822 3655 887 3698 non
902 3633 1015 3698 clarior
1029 3631 1141 3709 ambit,

264 3717 398 3804 Quique
412 3719 508 3783 micat
523 3719 634 3797 cauda,
651 3720 772 3805 quique
787 3742 911 3784 armum
926 3719 1030 3804 fulget
1045 3719 1216 3802 adipsum,

266 3804 398 3889 Quique
412 3805 518 3890 priora
532 3815 623 3870 tenet
637 3806 780 3890 vestigia,
796 3807 917 3891 quique
931 3805 1080 3884 secunda,

266 3890 423 3956 Clunibus
436 3891 567 3956 hirsutis
576 3901 616 3956 et
630 3892 687 3977 qui
701 3914 760 3957 sua
773 3892 877 3957 sidera
887 3891 1009 3956 reddit:

267 3977 417 4062 Namque
432 3977 513 4056 aliae,
527 3978 645 4063 quibus
660 3978 811 4063 expletur
826 3979 998 4063 cervixque
1014 3987 1185 4063 caputque,
1212 3979 1257 4025 145

264 4062 403 4129 Vatibus
414 4064 534 4148 ignotae
549 4065 658 4150 priscis
673 4065 741 4129 sine
755 4065 875 4130 honore
890 4065 1047 4130 feruntur.
