2868 4848
276 955 320 1024 V.
366 955 508 1021 NOTAE
533 953 600 1020 AD
624 951 945 1021 PHAENOMENA
971 949 1179 1018 ARATEA.

317 1112 358 1152 EX
370 1111 579 1153 timuerimus
594 1109 854 1152 SCHWARTZIANA
869 1106 1132 1156 onaLmANAQUe.

259 1436 280 1483 1.
298 1433 387 1482 Malim
406 1433 453 1482 hoc
473 1439 544 1496 pacto
562 1433 693 1496 distinguit
718 1432 753 1484 Ab
773 1433 833 1482 Jove
848 1435 996 1496 principium
1017 1445 1103 1496 maprto
1124 1430 1224 1479 deducit

225 1499 316 1548 Aratus
326 1521 337 1548 .·
351 1499 473 1547 Carminis
488 1505 515 1546 at
529 1497 603 1556 nobis,
624 1497 731 1557 Genitor,
751 1505 778 1546 tu
793 1501 910 1546 mamus
926 1503 1014 1548 auctor.
1049 1497 1085 1544 Ut
1102 1497 1134 1545 sit
1153 1503 1224 1544 autor

226 1567 339 1612 cambiis
349 1564 378 1622 is,
396 1565 466 1626 cujus
474 1563 545 1626 jussu
557 1571 582 1611 et
592 1563 706 1626 auspiciis
717 1579 815 1612 carmen
827 1564 995 1623 conscribitur,
1012 1569 1040 1610 ut
1050 1567 1156 1610 autorem
1166 1558 1224 1610 betti

225 1635 249 1688 et
270 1629 398 1678 eoncordia
417 1629 531 1676 dicimus.
567 1629 653 1678 (inor.
697 1629 752 1691 Ego
775 1643 831 1677 vero
852 1629 914 1676 nihil
935 1627 1081 1676 mutandum
1101 1641 1223 1684 censeam,

225 1709 305 1757 neque
325 1701 434 1742 autorem
452 1709 495 1757 pro
508 1692 606 1756 jubente
624 1693 701 1757 accipi
719 1701 811 1757 putem.
852 1698 891 1742 Au
904 1693 971 1742 enim
981 1692 1085 1754 Jupiter,
1102 1691 1143 1739 cui
1161 1691 1224 1738 (ier-

225 1758 337 1808 msnicus
351 1761 490 1822 Augustum
505 1759 612 1822 opponit,
632 1762 735 1807 Aratum
752 1774 850 1808 carmen
867 1759 969 1807 scribere
986 1757 1077 1820 jussiti
1122 1756 1226 1804 Videtur

225 1825 307 1888 potius
317 1824 407 1872 fiducia
422 1823 534 1887 quaedam
550 1823 643 1884 auxilii,
663 1825 713 1872 sive
731 1825 860 1873 instinctus
881 1824 1008 1886 eujusdam
1025 1821 1163 1884 significari,
1181 1822 1224 1869 ad·

223 1891 310 1952 juncta
321 1889 425 1937 Castris
437 1889 564 1937 Octaviani
574 1889 653 1937 laude.
688 1889 803 1938 Imitatur
814 1889 924 1937 videlicet
937 1887 1098 1936 Germanicus
1111 1887 1224 1943 Aratum,

227 1954 269 2016 qui
288 1957 313 2002 et
329 1954 398 2002 iovis
414 1953 499 2002 laudes
516 1954 620 2002 celebrat
637 1961 662 2002 et
677 1954 820 2003 instinctum
838 1960 942 2017 exoptat
977 1953 1092 2001 Sciebant
1102 1959 1183 1999 autem
1195 1952 1225 1999 ab

226 2019 367 2067 hominibus
379 2019 453 2067 stiam
463 2019 607 2068 instinctum
618 2021 739 2082 quendam
751 2035 846 2083 sperare
860 2018 975 2068 Romani.
1009 2017 1111 2064 Ovidius
1125 2017 1189 2064 Fast
1202 2015 1224 2074 Ι,

228 2087 259 2132 25
277 2085 308 2132 ad
327 2085 515 2132 Germanicum:
534 2083 562 2132 si
573 2085 627 2132 iicet
638 2086 708 2146 alsus
718 2091 759 2144 est,
772 2092 836 2134 vates
846 2101 899 2149 repe
909 2088 971 2132 uatis
981 2083 1091 2140 babemus,
1104 2083 1225 2144 Auspiciis

222 2151 288 2214 selis
306 2155 368 2198 totuis
384 2154 411 2196 ut
429 2165 506 2196 annus
525 2153 573 2197 eat,
615 2151 740 2208 Manilius,
759 2151 800 2199 lib.
819 2151 835 2198 l.
856 2166 877 2198 v.
898 2149 921 2207 7,
942 2151 981 2197 10.
1024 2148 1097 2197 Nunc
1115 2145 1175 2194 mibi
1198 2152 1225 2194 tu

230 2214 321 2327 Gasard
330 2216 419 2326 patrii}
428 2216 582 2327 pilp'ncepsque
595 2222 711 2278 paterque
731 2219 783 2264 Das
794 2218 900 2264 animum
910 2217 1016 2278 uiresque
1027 2216 1093 2275 sacis
1109 2212 1141 2261 aei
1157 2217 1226 2260 tanta

229 2295 303 2328 canen
320 2295 402 2328 om—
421 2281 440 2326 C
471 2313 478 2328 .

263 2347 286 2394 2.
305 2344 413 2404 Genitor)
425 2344 566 2406 Augustum
578 2343 631 2392 sine
643 2344 715 2392 dubio
726 2345 814 2404 innuit,
826 2353 854 2394 ut
863 2345 941 2408 liquet
953 2358 985 2392 ex
997 2359 1025 2391 eo
1037 2343 1102 2406 quod
1109 2341 1226 2405 sequitur,

226 2407 283 2457 Par
294 2416 335 2458 tua
349 2415 420 2472 tuque
431 2409 494 2457 adsis
505 2415 569 2467 nato,
587 2424 718 2473 numenque
728 2411 846 2459 secundes.
881 2411 962 2461 Quem
980 2416 1004 2458 et
1020 2409 1083 2456 inira
1095 2407 1228 2470 alloquitur

229 2491 252 2523 v.
265 2477 321 2523 554.
364 2475 421 2534 iiic,
441 2479 555 2537 Auguste,
576 2481 643 2522 tuum
664 2475 770 2524 Genitali
790 2477 865 2523 sidere
885 2490 981 2533 numen,
1002 2477 1041 2530 isc.
1082 2473 1143 2520 Erat
1163 2473 1226 2519 Ger·

228 2540 341 2588 manicas
359 2539 435 2587 Drusi
454 2540 559 2597 Claudii,
575 2539 617 2601 qui
635 2539 743 2602 Augusti
760 2541 886 2604 privignus
898 2547 956 2597 erat,
967 2539 1041 2588 lilius.
1076 2537 1103 2586 Is
1119 2545 1228 2602 posteat

229 2605 326 2652 Tiberio
337 2612 423 2668 patruo
430 2605 566 2666 adoptatus,
576 2604 688 2667 Augusto
701 2605 825 2653 Tiberium
837 2607 973 2668 adoptante,
985 2605 1062 2652 iactus
1070 2611 1108 2651 est
1120 2601 1228 2665 Augusti

228 2685 313 2732 nepos.
346 2669 479 2717 Testantur
488 2669 534 2717 hoc
552 2669 682 2718 Suetonius
692 2671 718 2718 in
729 2672 778 2718 vita
790 2671 868 2733 Calig.
879 2686 899 2718 c.
910 2671 927 2718 i.
938 2678 962 2718 et
972 2669 1071 2717 Tacitus
1081 2667 1173 2716 Annal.
1185 2667 1227 2714 lib.

229 2735 281 2784 l.c.
302 2733 325 2793 7,
346 2741 371 2782 et
391 2734 480 2782 diserte
503 2734 665 2782 Triboniaaus
688 2736 714 2782 in
737 2736 847 2784 institut.
871 2735 900 2784 de
921 2735 1098 2799 adoptionibus.
1140 2733 1228 2795 Itaque

228 2799 360 2863 improprie
370 2814 397 2846 se
407 2808 493 2846 natum
509 2799 626 2857 nominat,
643 2800 785 2863 Augustum
802 2801 950 2863 genitorem:
968 2815 1024 2848 cum
1035 2806 1100 2846 esset
1109 2799 1150 2847 hic
1161 2812 1227 2854 avus,

229 2865 272 2914 iile
281 2879 355 2928 uepos
365 2879 408 2926 per
419 2864 581 2927 adoptionem.
610 2864 651 2912 Ad
662 2881 688 2914 se
696 2867 802 2928 respexit
812 2867 859 2914 isto
869 2866 1054 2928 epiphonemate
1066 2862 1228 2912 Germanicus

228 2945 251 2979 v.
266 2933 321 2978 185.
354 2927 567 2992 Prodestmojestas
578 2935 758 2993 sepeporeutis.
786 2929 1120 2979 Ga.—-SCH.—·Siccum
1133 2929 1228 2984 Grotio,

230 2996 306 3043 immo
324 3010 381 3043 cum
401 2995 462 3043 Cdd.
479 2996 559 3042 ABE.
575 3012 590 3043 a
608 2997 677 3043 nobis
696 2997 756 3058 ipsis
771 2996 887 3058 inspectis
906 2995 1073 3044 distinximus:
1095 3010 1151 3058 quae
1167 2995 1228 3042 ratio

229 3063 303 3123 poita
315 3060 398 3123 utique
409 3059 481 3122 louge
492 3061 588 3123 dignior
597 3061 673 3108 videri
683 3060 762 3110 debet.
795 3060 876 3123 Vulgo
888 3061 937 3109 sic:
954 3059 991 3109 Ab
1007 3060 1067 3108 Jove
1080 3063 1229 3124 principium

229 3141 315 3188 magno
324 3126 422 3173 deducit
431 3124 519 3172 Aratus
531 3128 663 3174 Carminis:
679 3133 704 3174 at
714 3126 781 3174 nobis
790 3126 927 3176 cet-Oli.

263 3193 287 3238 4.
306 3189 423 3252 Doctiquc
444 3191 541 3251 laborm)
562 3199 590 3238 ut
607 3191 757 3240 discernatur
774 3207 789 3240 s
806 3190 914 3250 militari,
934 3191 974 3239 cui
993 3192 1147 3240 assuescebat
1162 3190 1229 3238 idem

232 3255 512 3304 Germanicus-SCH.

265 3323 289 3368 5.
307 3319 397 3367 Versus
413 3321 486 3368 hosce
506 3321 616 3368 imitatur
632 3320 751 3379 Avienus,
772 3319 821 3369 Cur
836 3320 995 3384 Hyperionios
1006 3321 1076 3384 Nepa
1086 3322 1227 3384 circumflec-

232 3391 291 3433 terct
309 3389 375 3447 ipnes
392 3384 510 3433 Autumni
525 3387 617 3434 reditu:
641 3402 684 3434 eur
700 3387 742 3434 sub
757 3386 835 3450 gelido
855 3386 999 3448 Capricorno
1016 3387 1106 3436 Brunca
1119 3389 1230 3449 pruinosi

225 3450 1021 3580 iittttititiit'ini‘tiititti⁵⁸-'tiitstm
1036 3453 1230 3579 ilntt'tttil

232 3580 284 3628 loco
303 3580 485 3629 Astronomiam
497 3597 527 3628 ex
538 3580 646 3629 solstitiis
656 3589 681 3630 et
692 3535 843 3646 aequinoctii:
853 3582 963 3630 describi.
1005 3583 1041 3631 Et
1058 3583 1116 3632 alibi
1134 3597 1231 3645 quoque

231 3645 395 3706 ostendemus,
412 3646 535 3694 Avienum
551 3646 726 3696 Aratointacta
743 3664 773 3696 ex
793 3647 940 3696 Germanico
957 3647 1110 3698 desumsisse.
1144 3649 1232 3698 Geor.

231 3709 334 3758 Possent
344 3727 367 3758 a.
379 3727 399 3758 c.
412 3711 442 3771 s.)
458 3711 483 3759 id
494 3719 539 3769 est,
558 3712 616 3774 quid
633 3712 664 3760 ad
675 3713 749 3761 vitam
761 3714 893 3762 beatiorem
904 3713 995 3762 valeret
1004 3714 1041 3762 vis
1052 3716 1166 3770 siderum,
1175 3729 1230 3775 quae

232 3791 325 3824 annum
342 3784 367 3824 et
385 3783 539 3839 tempestates
551 3778 651 3835 variant,
669 3778 695 3824 in
707 3779 815 3841 subjecto
829 3777 925 3840 tropicis
936 3786 1054 3827 terrarum
1064 3781 1129 3827 orbe.
1162 3778 1232 3826 Talia

232 3841 311 3888 sidera
331 3841 487 3904 potissimum
506 3849 571 3899 sunt,
601 3857 656 3906 quae
685 3844 782 3906 tropicis
811 3844 965 3892 continentur
987 3843 1091 3892 circulis.
1135 3843 1231 3891 Plinius

232 3904 335 3964 XVIII,
352 3909 375 3954 4.
420 3905 534 3955 Dicemus
546 3912 568 3954 et
579 3907 666 3968 sideru,
682 3910 830 3973 siderumquc
841 3912 945 3972 ipsorum
957 3912 1078 3958 terrestria
1089 3910 1156 3972 sipna
1167 3907 1232 3955 dabi-

232 3985 286 4018 mus
303 3970 448 4030 indubitota,
466 3972 792 4036 tte.-SCH.—Possent]
816 3975 855 4023 Sic
873 3975 902 4022 B.
921 3975 1093 4038 (superscripto
1111 3982 1193 4022 tamen
1211 3973 1231 4032 i)

234 4035 321 4150 Eigslp
383 4039 443 4086 ssim
453 4037 651 4150 mii-mum
664 4035 782 4088 F.-0R.

283 4136 289 4149 .
324 4118 337 4150 r
391 4105 500 4151 eA.-0
530 4139 536 4152 .
