2868 4848
567 555 602 592 su
617 556 795 592 eunucusua
808 557 927 592 arares.
1220 543 1247 591 iii

247 683 304 731 lctis
323 681 401 732 BEG.
422 681 481 730 letis
499 681 556 746 Pgs.
577 681 661 745 (Ibid.)
681 681 764 748 conor]
783 683 905 747 BEGgsb.
918 696 987 746 caper
998 679 1068 731 AFP.
1089 681 1169 746 (Item
1180 681 1206 732 in
1218 685 1247 732 B.

247 747 393 861 guidisclgiir
404 747 551 874 tMaIIBene:
570 812 627 876 quia
638 827 711 877 supra
721 812 788 873 dixit,
801 822 875 878 parta
887 816 960 876 quies,
978 818 1000 860 tc
1011 813 1121 876 preside.
1154 811 1189 860 Et
1202 811 1250 860 alis

249 885 286 926 est
301 877 371 935 ratio,
390 877 447 940 quia
458 877 584 940 Augustus
596 879 650 940 paci
661 879 780 941 templum
791 879 918 938 dedicavit,
937 877 1002 940 quod
1020 878 1117 925 monuit
1134 877 1249 940 Scaliger.

248 943 352 990 Ovidius
370 942 395 990 in
414 943 462 990 fine
482 943 610 990 Fastorum
629 944 715 1007 primi:
741 945 822 1006 Ipsum
839 957 881 990 nos
900 958 997 990 carmen
1013 944 1083 1004 pacis
1104 942 1201 990 dedum
1218 943 1251 990 ad

248 1022 315 1056 aras,
349 1007 436 1054 Gsor.
470 1005 526 1054 Pac
536 1007 583 1055 hoe
594 1009 646 1056 loco
659 1023 687 1056 ea
697 1008 802 1070 intelligi
814 1009 916 1065 videtur,
936 1007 1143 1069 quaeinsormula
1155 1007 1250 1055 solenni

249 1072 296 1120 diis
307 1072 479 1120 tribuebaturs
490 1073 895 1134 precantibus.-SCH.-—Assis
901 1072 959 1134 Pgs.
969 1071 1063 1135 (conus
1070 1087 1138 1120 meos
1146 1071 1250 1132 cdd.)-

284 1201 322 1252 17.
342 1199 446 1262 Cetera]
464 1200 499 1250 ita
515 1200 610 1250 Tullius
626 1216 649 1248 v.
670 1201 707 1249 19.
744 1200 835 1250 Cetera
846 1200 961 1249 labuntur
971 1203 1043 1249 tacito
1054 1201 1157 1249 celestio
1168 1206 1250 1248 mota:

251 1266 287 1314 Et
303 1266 392 1314 melius
412 1266 505 1314 Cicero.
539 1266 586 1313 Est
596 1266 663 1314 enim
673 1265 733 1321 axis,
753 1266 782 1313 de
794 1280 843 1328 quo
854 1273 938 1328 postes
948 1281 1034 1323 sermo,
1053 1266 1117 1314 Inter
1136 1265 1251 1324 aoelestia,

250 1331 472 1379 nonintersiders.
507 1330 593 1379 Gsor.
626 1324 734 1393 Mundo]
753 1331 833 1388 idest,
845 1331 914 1379 coelo.
949 1330 1063 1393 Itasaepe
1075 1331 1178 1380 Plinius.
1198 1331 1252 1379 vide

250 1396 342 1444 librum
353 1396 406 1458 ejus
417 1397 443 1443 ii.
455 1411 475 1443 o.
486 1395 562 1507 bibet
573 1395 638 1444 alibi.
660 1395 769 1445 Macrob.
782 1395 865 1445 Somn.
877 1395 967 1457 Scipi
980 1397 1018 1454 20,
1031 1395 1089 1444 etii.
1103 1395 1253 1444 12.-sctl.

286 1463 325 1509 ts.
348 1462 508 1509 I'raritA.-·
536 1463 567 1510 R.

286 1527 326 1577 19.
342 1523 402 1573 Asis
412 1525 449 1585 at)
461 1525 528 1572 Male
539 1526 565 1573 in
575 1524 661 1587 primis
671 1524 830 1572 editionibus:
849 1525 908 1573 Asis
916 1530 964 1572 stat
974 1530 1057 1574 motas.
1088 1526 1173 1574 Gsor.
1196 1525 1252 1588 Ego

251 1590 339 1638 malim
358 1590 455 1654 legere:
480 1588 540 1637 Asis
556 1591 597 1638 sed
614 1593 692 1638 motas
711 1606 800 1652 semper
813 1593 912 1653 vestiqia
930 1597 1014 1638 ravat.
1048 1591 1108 1638 Axis
1127 1591 1201 1647 enim,
1222 1605 1253 1638 ex

252 1656 367 1718 opinione
384 1655 489 1715 Actoris,
510 1656 627 1703 immotus
638 1655 686 1702 dici
696 1669 745 1702 non
755 1669 826 1718 posse
837 1656 941 1702 videtur.
976 1656 1105 1704 Quomodo
1118 1656 1183 1703 enirn
1194 1671 1254 1703 mox

252 1722 337 1769 orbem
355 1735 426 1782 agere
446 1721 572 1780 diceretur,
592 1720 612 1766 si
628 1719 746 1767 immotus
762 1722 843 1767 essetl
879 1720 964 1767 Motus
975 1721 1041 1767 enirn
1051 1721 1130 1782 gignit
1141 1727 1248 1769 motum:

252 1786 384 1833 immotum
395 1785 456 1832 nihil
467 1792 557 1834 motet.
592 1783 687 1832 Idcirco
707 1783 826 1832 Manilius
845 1784 919 1832 etism
937 1784 977 1832 lib.
997 1785 1014 1832 i.
1033 1787 1091 1832 442.
1125 1786 1173 1833 His
1192 1789 1254 1834 inter

252 1851 355 1914 solisque
366 1853 417 1897 vias
429 1853 558 1912 Arctosque
568 1849 674 1909 latentes,
692 1848 767 1896 Axem
778 1865 827 1912 que
838 1850 920 1897 mundi
931 1849 1067 1898 stridentem
1081 1851 1186 1912 ponam
1203 1856 1252 1897 tor·

253 1921 332 1978 queat,
354 1912 415 1963 Orbe
428 1918 554 1977 pereprino
575 1915 655 1961 eoelum
670 1915 805 1977 depinqitm
818 1917 897 1974 astris,
916 1913 973 1971 Quae
992 1917 1059 1962 cotia
1077 1918 1171 1978 avitique·
1187 1915 1253 1962 dire-

254 1987 311 2028 ruat
330 1979 407 2028 sidera
427 1985 498 2027 vates.
541 1978 641 2041 Capella
657 1979 686 2026 de
705 1987 775 2041 nupt.
793 1978 884 2026 Philol.
902 1979 943 2026 lib.
960 1979 987 2028 it.
1005 1995 1060 2042 pag.
1078 1981 1118 2028 et.
1151 1981 1255 2028 Videbat

253 2045 392 2107 Philologia
407 2046 483 2106 ipsam
499 2060 549 2107 que
561 2043 674 2092 abablium
685 2047 775 2091 coire-et
784 2045 903 2101 altimum,
921 2044 1042 2106 spheram,
1061 2047 1128 2092 mitis
1144 2044 1255 2106 raptibus

253 2113 387 2167 incitatam,
402 2111 515 2172 polosque
532 2115 555 2156 et
570 2124 638 2156 asem
648 2124 678 2155 es
688 2109 739 2156 coeli
749 2112 883 2156 enormitate
894 2107 1011 2157 vibratum
1017 2109 1163 2171 profundam
1176 2115 1254 2157 tram-

254 2189 333 2222 mecre
351 2180 446 2233 terram
468 2179 538 2237 atquc
559 2173 589 2220 ab
611 2177 662 2236 ipso
680 2179 754 2221 totam
771 2175 822 2221 coeli
839 2174 923 2222 mobm
943 2175 1123 2236 martinumque
1143 2177 1256 2237 torqueri.

254 2239 309 2286 add.
328 2238 399 2287 Idem
415 2239 458 2288 lib.
474 2239 504 2286 vi.
521 2255 545 2302 p.
557 2240 613 2287 214.
646 2239 738 2286 Causas
757 2247 847 2297 autern,
868 2253 912 2286 cur
929 2238 1020 2286 eoelum
1041 2247 1120 2286 toturn
1139 2248 1255 2302 perpetuo

255 2311 364 2352 versetur
376 2312 400 2352 et
410 2305 596 2366 circumagatur,
613 2303 753 2352 Macrobius
764 2304 832 2362 alies,
850 2310 922 2366 atque
933 2306 1010 2351 autor
1020 2310 1109 2361 noster,
1126 2304 1256 2352 commini-

256 2369 332 2417 scitur
343 2370 369 2416 in
382 2369 466 2418 Somn,
477 2369 540 2432 Scip.
552 2369 594 2416 lib.
609 2368 624 2417 i.
636 2384 657 2418 e.
670 2369 706 2419 17.
740 2369 823 2417 Habet
839 2375 919 2416 tamen
936 2369 1009 2416 etiam
1027 2368 1106 2416 Grotii
1116 2369 1257 2432 conjectura

255 2434 391 2498 plurimum
403 2434 537 2497 elegantis.
572 2433 641 2482 Moto
654 2434 719 2481 enim
730 2433 792 2481 coelo
801 2434 919 2482 immotus
930 2434 983 2482 axis
993 2433 1108 2496 praeclare
1119 2434 1255 2497 opponitur.

257 2500 398 2561 Faventque
417 2500 440 2547 ei
457 2514 541 2547 versus
559 2497 626 2546 XXI
645 2509 669 2546 et
686 2498 768 2546 XXII
788 2499 870 2546 Arati:
894 2499 914 2546 si
932 2499 1067 2561 praesertim
1079 2501 1177 2561 uestipia
1193 2499 1256 2546 refe-

256 2573 342 2612 rantur
352 2564 383 2612 ad
392 2565 478 2624 sidera,
489 2579 543 2627 quae
553 2563 627 2626 paulo
637 2571 693 2612 ante
700 2567 844 2611 memoravit
856 2563 1026 2612 Germanicus.
1055 2563 1110 2622 Sed,
1118 2573 1146 2612 ut
1154 2563 1256 2622 videtur,

258 2629 382 2676 dissensus
391 2630 455 2677 inter
466 2636 597 2692 utrumque
608 2628 718 2677 nostrdm
734 2636 771 2676 est
788 2627 881 2687 nullus,
895 2628 981 2676 saltem
991 2628 1256 2691 perexiguus—SUB.

256 2691 382 2741 -Asis
401 2701 426 2741 at
443 2693 565 2756 immotae]
586 2693 709 2756 BEGgsb.
743 2697 873 2741 clericatis
882 2699 958 2740 motus
974 2697 1001 2740 A.
1034 2695 1258 2741 attenterimus

257 2757 308 2808 FP.
342 2757 403 2805 Axis
413 2761 453 2806 sed
463 2763 539 2807 nactis
548 2773 637 2821 seraper
647 2761 745 2821 vestipio
755 2764 832 2807 meat
841 2774 860 2806 s.
873 2774 913 2806 sus
930 2758 1078 2806 icio-Oli.

292 2825 331 2871 20.
347 2823 516 2886 Libratosque]
536 2824 661 2881 Manilius,
679 2824 721 2874 lib.
738 2823 756 2872 i.
773 2839 795 2872 v.
807 2823 863 2874 279.
925 2821 1072 2886 lbratamqae
1086 2826 1147 2885 perit
1167 2823 1258 2871 diverso

258 2889 484 2936 cardinemuadum.
520 2888 715 2937 Gnor.-SCH.

292 2955 332 3002 21.
352 2953 435 3001 Orbem
458 2952 520 3016 cpit]
546 2953 584 3002 Ita
606 2952 744 3016 distinguo:
770 2953 847 3001 abesa
868 2955 919 3016 opit
946 2951 1012 3009 dicit,
1034 2952 1092 3014 quia
1113 2951 1174 3014 legit
1194 2953 1259 3015 apud

259 3021 361 3070 Aratum
373 3018 451 3078 aliter,
464 3033 537 3081 quam
549 3033 605 3066 nos:
624 3017 683 3081 περὶ
695 3014 715 3064 δ’
726 3017 840 3083 οὐρανὸν
851 3015 934 3066 αὐτὸν
946 3015 1040 3080 ἀγινεῖ.
1060 3017 1258 3066 Giton—SCH.

292 3085 331 3130 22.
348 3081 425 3145 Pars]
439 3083 505 3131 Male
518 3084 573 3141 MS,
592 3099 638 3146 quo
648 3098 732 3132 msa.
749 3099 807 3131 nam
818 3083 927 3144 sequitur
942 3080 1006 3130 Pars
1016 3083 1078 3130 celsa
1088 3081 1130 3130 sub
1142 3081 1259 3143 bomyero

258 3148 382 3212 Aquilone.
406 3152 507 3197 Partem
513 3149 566 3210 poli
578 3149 638 3195 dixit
648 3163 692 3211 pro
703 3148 779 3196 altero
789 3148 852 3211 polo.
879 3147 915 3195 Ut
925 3155 949 3195 et
961 3149 1081 3194 Avienus:
1102 3149 1260 3208 Ooecaopors

259 3212 364 3262 Sublime
382 3215 487 3276 eripitur,
506 3213 569 3261 subii
586 3215 662 3261 altera
680 3228 758 3262 masa
775 3213 816 3261 sub
833 3213 909 3260 αηάαε
929 3210 993 3259 Pars
1012 3211 1124 3259 Erebum.
1171 3211 1259 3274 Neque

259 3279 329 3326 aliter
341 3278 426 3326 Cicero
442 3279 468 3326 in
487 3278 587 3327 Deltoto
597 3294 619 3326 v.
631 3280 686 3326 242.
698 3279 789 3326 dixeret
799 3279 869 3326 tertia
876 3293 935 3340 pars
946 3279 1027 3324 icteris
1037 3292 1079 3339 pro
1091 3277 1162 3324 tertio
1175 3275 1259 3325 latere.

261 3343 303 3400 Et,
324 3343 344 3390 si
364 3343 530 3406 philosophice
546 3343 677 3406 loquimur,
698 3343 790 3407 species
810 3342 962 3405 aliquatenus
982 3357 1037 3403 pers
1058 3347 1095 3388 est
1112 3341 1217 3403 generis,
1235 3347 1260 3392 et

260 3408 289 3456 τὸ
301 3408 400 3471 ἄτομον
412 3408 507 3471 speciei
541 3407 616 3456 Polus
633 3408 736 3455 arcticus
756 3414 780 3456 et
796 3408 942 3455 antarcticus
963 3407 1008 3454 sub
1027 3408 1082 3470 polo
1100 3406 1257 3468 comprehen-
1351 3425 1354 3430 ·

260 3473 358 3530 duntur,
370 3480 398 3521 ut
409 3473 525 3536 primum,
536 3473 681 3532 secundum,
693 3474 793 3520 tertium
803 3472 867 3520 latus
879 3471 923 3519 sub
935 3473 1020 3519 latere.
1054 3471 1140 3519 Geor.
1175 3471 1223 3518 Sed
1237 3471 1261 3519 si

259 3553 315 3600 pars
334 3539 454 3586 referatur
471 3539 501 3585 ad
519 3554 595 3596 asem,
614 3539 780 3600 interpretatio
798 3537 878 3585 Grotii
895 3536 999 3584 vacillat.
1033 3535 1096 3585 Quae
1107 3537 1160 3598 ipsa
1172 3536 1193 3582 si
1203 3551 1261 3583 vera

259 3604 331 3664 foret,
351 3618 381 3651 ex
397 3604 556 3666 grammatica
576 3605 657 3666 potius
676 3603 829 3665 dijudicanda
850 3608 920 3658 esset,
942 3616 1017 3663 quam
1036 3600 1199 3664 Philosophia.
1235 3600 1262 3648 si

260 3676 371 3716 veterum
389 3669 430 3716 hic
448 3668 540 3731 aliquid
562 3668 626 3716 valet
644 3669 767 3724 autoritas,
786 3667 834 3729 legi
851 3667 951 3729 jubeam
970 3665 1095 3727 Capellam
1113 3665 1155 3713 lib.
1166 3665 1212 3712 IV.
1232 3665 1261 3714 de
1359 3701 1362 3706 .

261 3741 330 3795 nupt
341 3733 429 3782 Philol.
441 3748 497 3795 pag.
510 3734 541 3780 98
553 3741 578 3781 et
591 3735 645 3792 101,
663 3733 705 3795 qui
722 3733 781 3795 quid
789 3748 862 3794 persus
873 3739 898 3778 et
910 3737 984 3778 totam
996 3731 1108 3778 differant
1119 3738 1161 3777 aut
1173 3745 1260 3778 conve·

261 3799 337 3856 nient,
356 3799 415 3845 satis
431 3797 536 3845 dilucide
554 3798 631 3847 docet.
665 3799 749 3846 Mersa
760 3797 801 3844 sub
812 3795 900 3858 andos]
918 3797 944 3844 id
955 3803 999 3856 est,
1015 3810 1063 3843 non
1075 3795 1181 3843 cernitur
1192 3808 1263 3857 prop-

262 3869 336 3921 terea,
357 3863 421 3925 quod
439 3863 530 3910 devexa
547 3870 584 3912 est
602 3871 673 3912 terra.
708 3863 765 3912 Non
778 3864 884 3910 cernitur
902 3869 985 3909 autem
1002 3875 1048 3908 nec
1063 3861 1092 3907 ab
1110 3860 1150 3918 iis,
1169 3859 1211 3921 qui
1227 3861 1262 3906 cis

263 3937 411 3990 aequatorem
428 3937 562 3986 versantur,
583 3943 628 3975 nec
648 3929 678 3975 ab
696 3928 734 3986 iis,
755 3928 797 3989 qui
813 3927 898 3990 paucis
914 3926 1027 3988 gradibus
1039 3924 1103 3972 ultra
1114 3933 1263 3986 aequatorem

261 4001 444 4055 processerunt:
462 4008 512 4052 seu,
533 4002 561 4041 ut
571 3993 649 4055 magis
666 3993 694 4040 ad
713 4001 819 4040 veterem
830 3991 1010 4053 simplicitatem
1021 3989 1094 4038 verba
1105 3989 1262 4046 conformem,

263 4072 311 4106 non
323 4058 428 4106 cernitur
440 4058 469 4105 ab
480 4059 518 4116 iis,
540 4058 582 4120 qui
601 4057 627 4106 in
645 4058 688 4106 illa
708 4066 827 4106 terrarum
847 4056 911 4104 orbis
926 4063 1003 4120 parte,
1022 4070 1076 4117 quae
1094 4053 1188 4102 Graeeir
1205 4061 1263 4102 nota
