2868 4848
585 633 741 680 scuorra.
1124 612 1164 680 31

170 785 279 841 autem
295 774 403 840 stellas
418 773 453 838 in
468 773 573 859 capite
588 784 723 859 septem,
739 771 773 836 in
790 769 923 856 singulis
942 771 1083 838 humeris
1104 774 1168 839 sin-

169 863 263 946 gulas
279 862 440 938 obscuras,
460 861 496 924 in
508 883 596 924 armo
612 861 702 937 duas,
717 859 752 923 in
766 869 896 944 pectore
911 881 1020 938 unam,
1036 860 1070 924 in
1085 862 1168 946 pede

169 949 276 1033 priore
297 947 395 1012 claras
418 947 508 1023 duas,
534 947 568 1010 in
591 967 716 1010 summa
739 945 840 1009 cauda
865 944 982 1010 claram
1005 968 1112 1024 unam,
1133 948 1168 1012 in

170 1045 283 1099 ventre
298 1035 414 1098 claram
430 1055 539 1109 unam,
555 1032 590 1096 in
604 1031 695 1116 spina
709 1053 819 1108 unam,
835 1030 868 1094 in
884 1053 977 1096 crure
991 1034 1168 1116 posteriore

171 1121 262 1198 duas,
278 1121 312 1183 in
328 1130 474 1183 extremo
488 1118 569 1202 pede
584 1119 674 1196 duas,
696 1138 793 1201 super
814 1115 949 1182 caudam
975 1127 1061 1197 tres3
1084 1119 1169 1185 fiunt

171 1228 283 1270 omnes
308 1203 447 1269 XXIV.
494 1203 596 1268 Porro
612 1203 731 1268 Arctus
746 1202 850 1266 minor
865 1225 883 1266 a
897 1202 1045 1287 pluribus
1069 1205 1169 1270 Phoe-

171 1291 255 1370 nice,
272 1315 289 1356 a
306 1290 430 1356 Graecis
445 1288 676 1374 Arctophylax,
691 1288 880 1354 anonnullis
893 1288 990 1353 Canis
1000 1291 1101 1356 cauda
1115 1314 1169 1356 vo-

173 1389 275 1442 catur.
322 1375 430 1442 Quam
458 1375 593 1440 Sidones
616 1374 806 1459 aspicientes
829 1375 983 1439 continuo
1006 1377 1166 1461 navigant.

173 1463 305 1528 Dicitur
320 1487 339 1528 a
352 1463 431 1527 Jove
446 1463 532 1526 inter
549 1472 635 1526 astra
651 1460 834 1538 collocatus,
858 1472 897 1525 ut
921 1460 1042 1547 duplex
1066 1463 1169 1528 honor

174 1548 305 1614 Helices
319 1558 558 1612 monstraretur.
604 1546 865 1630 Agathosthenes
881 1547 1011 1632 quidam
1025 1549 1059 1613 in
1075 1549 1170 1615 Asia·

173 1635 245 1699 ticis
259 1635 464 1711 carminibus,
482 1634 681 1718 Cynosuram
696 1631 774 1696 dicit
787 1632 809 1695 J
810 1632 875 1696 ovis
889 1633 987 1698 fuisse
999 1635 1168 1715 nutricem,

172 1743 271 1784 unam
283 1743 326 1784 ex
340 1719 436 1784 Idaeis
450 1719 612 1804 nymphis,
628 1742 647 1783 a
662 1718 773 1804 quain
790 1715 899 1783 Cretae
911 1719 1029 1805 oppido
1042 1720 1077 1785 H
1100 1733 1169 1786 stoe

175 1807 379 1871 Nicostratus
394 1806 562 1870 constituit
576 1816 700 1890 portus,
716 1814 750 1868 et
762 1805 845 1868 circa
859 1827 933 1869 eum
942 1805 1048 1871 locum
1112 1829 1170 1872 no-

174 1915 282 1957 suram
296 1891 394 1956 fuisse
408 1914 481 1955 cum
496 1891 680 1968 Telchiniis,
697 1891 754 1974 qui
765 1891 918 1955 dicuntur
930 1889 1064 1957 Curetes
1096 1894 1168 1960 daei.

174 1977 299 2042 Aratus
316 1977 515 2062 Cynosuram
531 1988 564 2042 et
580 1976 717 2041 Helicen
740 1973 912 2042 Cretenses
926 1977 1014 2042 Jovis
1028 1981 1170 2045 nutrices

173 2064 272 2130 fuisse
289 2065 377 2141 dicit,
393 2063 435 2128 oh
450 2063 536 2149 quod
551 2073 628 2128 sunt
642 2061 761 2127 caelesti
776 2063 904 2128 donatae
918 2063 1050 2132 honore.

219 2150 332 2214 Habet
346 2160 455 2214 autem
470 2149 588 2227 stellas,
603 2150 638 2213 in
652 2148 787 2214 humero
800 2149 996 2235 splendidam
1010 2173 1119 2230 unam,
1135 2150 1171 2216 in

173 2247 303 2322 pectore
310 2235 426 2300 claram
433 2234 815 2313 unam‚inventreclaram
825 2239 1173 2322 unam,supercaudam

174 2324 275 2388 claras
292 2333 375 2387 tres:
398 2322 484 2385 fiunt
498 2343 607 2385 omnes
618 2331 742 2406 septem
757 2343 855 2406 supra
869 2322 945 2386 alias
961 2323 1080 2402 decem,
1094 2348 1168 2411 quae

174 2409 362 2494 praeeedunt
376 2417 410 2472 et
424 2407 574 2472 dicuntur
584 2407 752 2471 ludentes:
776 2417 810 2471 et
819 2409 960 2473 maxime
972 2409 1083 2489 altera,
1097 2433 1171 2496 quae

174 2505 307 2560 vocatur
323 2493 432 2573 Polus,
455 2494 571 2580 inquo
586 2517 605 2558 a
620 2492 812 2579 quibusdam
825 2505 960 2580 putatur
974 2505 1062 2561 totus
1085 2497 1172 2562 orbis

175 2579 386 2646 circumverti.
1130 2599 1131 2602 ’

220 2666 313 2731 Inter
327 2666 436 2731 ambas
452 2688 528 2750 ergo
549 2665 670 2731 Arctos
688 2665 849 2730 maximus
871 2665 1018 2732 flexuoso
1040 2691 1172 2754 corpore

176 2753 325 2839 adjacens
341 2751 458 2830 Draco,
475 2752 532 2837 qui
547 2763 717 2837 utramque
733 2751 856 2816 Arcton
870 2752 1018 2818 flexuoso
1041 2779 1172 2841 corpore

139 2870 147 2880 ·
177 2839 370 2922 semicingit,
387 2838 516 2903 Helices
531 2838 725 2924 supervolvit
736 2849 843 2922 caput,
857 2837 1028 2905 Phoenices
1040 2843 1173 2907 circum-

177 2926 278 3009 cingit
289 2925 432 2990 caudam.
478 2923 577 2988 Hunc
587 2923 788 3009 Pherecydes
800 2924 877 2988 dicit
887 2926 972 2991 inter
984 2938 1069 2993 astra
1080 2929 1173 2993 collo·

178 3023 286 3075 catum
297 3011 455 3076 beneficio
464 3010 485 3073 J
486 3011 613 3089 unonis,
625 3033 663 3075 eo
675 3010 761 3095 quod
773 3033 846 3074 cum
856 3012 993 3077 nuberet
1001 3013 1023 3077 J
1023 3015 1073 3079 ovi
1084 3015 1106 3078 J
1107 3037 1172 3080 uno

178 3096 251 3161 Diis
267 3097 476 3162 offerentibus
489 3119 634 3174 munera,
650 3096 750 3161 Terra
765 3118 893 3182 quoque
909 3098 1063 3166 obtulerit
1077 3123 1173 3166 aurea

177 3183 261 3247 mala
275 3205 347 3247 cum
363 3183 471 3261 ramis,
492 3206 566 3268 quoe
586 3183 674 3246 Juno
694 3181 729 3246 in
748 3182 880 3248 hortum
900 3207 1004 3263 suum,
1027 3187 1083 3272 qui
1104 3200 1173 3252 erat

177 3269 266 3354 apud
286 3266 467 3346 Atlantem,
491 3269 602 3333 inferri
621 3269 729 3355 jussit,
752 3280 786 3332 et
812 3268 1007 3354 Hesperides
1031 3272 1173 3338 Atlantis

177 3355 259 3418 filias
275 3355 421 3419 custodes
442 3355 561 3439 posuit,
584 3377 657 3440 quae
672 3378 744 3419 cum
761 3355 920 3420 afiliabus
941 3356 1083 3423 Atlantis
1098 3360 1173 3424 sub-

178 3440 385 3505 traherentur
405 3452 439 3504 et
459 3463 543 3524 saepe
564 3453 770 3519 vexarentur,
796 3440 884 3505 Juno
904 3444 1068 3509 custodem
1087 3445 1173 3510 horti

178 3526 362 3592 Draconem
382 3526 568 3612 pervigilem
583 3527 741 3612 implicuit
761 3527 878 3605 arbori,
901 3551 998 3612 quem
1014 3530 1173 3596 Hercules

177 3612 349 3690 interfecit,
366 3623 400 3677 et
414 3612 470 3676 illa
484 3613 575 3678 astris
590 3613 712 3678 intulit.
757 3612 858 3677 Hunc
879 3614 933 3679 alii
953 3615 1065 3681 Jovem
1080 3618 1173 3682 astris

177 3698 326 3763 intulisse
332 3699 457 3777 dicunt,
465 3700 506 3763 ob
515 3699 698 3778 memoriam
710 3699 837 3763 virtutis
844 3698 1006 3781 Herculis,
1014 3702 1172 3768 Minervae

178 3785 319 3870 objectu,
345 3807 443 3870 quem
467 3785 523 3850 illa
549 3797 730 3850 contortum
753 3785 830 3849 caelo
855 3785 998 3866 immisit,
1026 3801 1060 3853 et
1088 3789 1174 3855 inter

180 3870 435 3955 septemtriones
448 3871 572 3938 locavit.
617 3871 729 3936 Habet
747 3882 856 3936 autem
876 3874 993 3952 stellas,
1014 3875 1049 3939 in
1069 3876 1173 3958 capite

180 3955 361 4040 splendidas
377 3963 455 4038 tres,
474 3957 654 4043 incorpore
669 3981 744 4023 vero
759 3979 863 4042 usque
878 3959 919 4023 ad
933 3961 1065 4026 caudam
1082 3961 1171 4041 XII,

179 4043 368 4107 abinvicem
382 4043 547 4109 distantes.
593 4044 679 4109 Sunt
694 4055 802 4109 autem
817 4067 928 4110 omnes
943 4045 1024 4113 XV.

222 4128 406 4194 Draconem
432 4129 596 4196 immensae
618 4129 859 4216 magnitudinis,
879 4131 1046 4198 hortorum
1068 4144 1173 4200 custo-
