2868 4848
362 1017 698 1094 GERMANICI
740 1018 1000 1096 CAESARIS

510 1257 856 1360 RELIQUIAE.

351 1743 380 1808 Ι.
426 1740 751 1807 PHAENOMENA
774 1741 982 1808 ARATEA.

223 1920 277 1985 An
298 1920 377 1985 Jove
391 1919 584 2006 principium
598 1941 714 2004 magno
730 1920 867 1985 deduxit
882 1919 1021 1988 Aratus:

181 2006 338 2072 Carminis
353 2016 387 2072 at
401 2007 504 2085 nobis,
519 2006 655 2091 genitor,
672 2017 710 2072 tu
724 2006 885 2072 maximus
900 2017 1012 2073 auctor
1024 2034 1032 2086 ;

178 2091 225 2157 Te
239 2115 383 2171 veneror,
400 2092 461 2157 tibi
475 2114 562 2157 sacra
574 2092 643 2156 fero
658 2093 808 2178 doctique
823 2093 941 2158 laboris

178 2178 349 2244 Primitiae.
394 2177 516 2244 Probat
529 2178 597 2264 ipse
612 2179 709 2245 dedm
723 2189 892 2264 rectorque
905 2189 1066 2266 satorque.

181 2265 351 2332 Quantum
368 2265 487 2330 etenim
502 2275 633 2350 possent
647 2266 724 2331 anni
739 2265 914 2331 certissima
928 2266 1029 2350 signa,
1161 2287 1176 2332 s

180 2351 258 2418 Qua
273 2351 329 2416 Sol
344 2351 510 2416 ardentem
525 2348 686 2418 Cancrum
700 2352 919 2437 rapidissimus
933 2353 1045 2431 ambit,

180 2438 396 2523 Diversaeque
411 2447 498 2502 sec'at
510 2447 613 2502 metas
628 2437 725 2523 gelidi
740 2435 939 2524 Capricorni,

181 2524 295 2591 Quave
311 2524 407 2590 Aries
420 2534 454 2589 et
468 2523 569 2588 Libra
582 2534 715 2609 aequant
729 2524 863 2590 divortia
879 2524 970 2602 lucis,

181 2610 216 2675 Si
232 2634 298 2676 uon
312 2621 405 2697 parta
420 2611 521 2696 quies,
538 2620 570 2676 te
585 2610 730 2695 praeside,
747 2611 912 2697 puppibus
927 2633 1039 2695 aequor

181 2697 371 2782 Cultorique
387 2697 477 2762 deret
491 2706 604 2775 terras,
619 2696 834 2782 procularma
847 2697 1002 2762 silerent?
1147 2700 1177 2747 ¹⁰

181 2783 279 2849 Nunc
293 2793 384 2849 vacat
399 2783 533 2848 audaces
550 2783 590 2847 ad
605 2784 719 2848 caelum
734 2782 847 2848 tollere
862 2784 970 2849 vultus

181 2869 358 2956 Sideraque
374 2879 408 2934 et
422 2869 534 2934 mundi
547 2869 650 2934 varios
662 2891 850 2954 cognoscere
865 2880 989 2948 motus;

181 2955 299 3022 Navita
314 2955 394 3042 quid
407 2965 517 3021 caveat
531 2982 539 3033 ς
564 2955 642 3040 quid
657 2957 755 3021 scitus
769 2956 850 3021 vitet
860 2966 987 3035 arator;

181 3042 321 3110 Quando
335 3052 437 3107 ratem
449 3042 552 3107 ventis
567 3051 625 3107 aut
639 3043 746 3108 credat
761 3043 883 3107 semina
898 3042 1001 3108 terris.

180 3128 262 3196 Haec
278 3152 338 3214 ego
353 3129 430 3194 dum
444 3128 546 3193 Latiis
561 3151 658 3193 conor
672 3128 845 3215 praedicere
860 3128 976 3206 Musis,
1039 3164 1042 3172 ·
1146 3131 1175 3177 15

180 3215 253 3281 Pax
268 3227 325 3281 tua
335 3226 437 3300 tuque
452 3215 536 3280 adsis
550 3224 638 3293 nato,
654 3237 838 3300 numenque
854 3215 1024 3279 secundos!

223 3301 351 3380 Cetera,
365 3323 439 3387 quae
455 3311 524 3366 toto
539 3301 665 3386 fulgent
679 3324 758 3386 vaga
772 3302 876 3366 sidera
891 3302 1022 3379 mundo,

180 3387 345 3455 Iudefessa
359 3387 458 3453 trahit
471 3389 601 3473 proprio
616 3410 689 3452 cum
703 3388 844 3473 pondere
859 3387 983 3454 caelum.

181 3475 266 3541 Axis
281 3485 315 3540 at
325 3475 476 3539 immotus
491 3497 616 3559 semper
630 3475 764 3559 vestigia
778 3485 892 3551 servat,

179 3561 394 3647 Libratasque
407 3571 497 3626 tenet
513 3571 612 3643 terras
629 3573 663 3626 et
676 3562 804 3625 cardine
821 3561 913 3626 firmo

180 3648 302 3713 Orbem
316 3648 394 3731 agit.
439 3648 634 3712 Extremum
649 3651 796 3733 geminus
811 3647 1004 3712 determinat
1019 3670 1126 3726 axem,

179 3735 289 3803 Quem
306 3734 399 3799 Graii
413 3734 525 3799 dixere
540 3733 658 3819 polon;
682 3757 755 3820 pars
770 3757 873 3799 mersa
887 3735 947 3800 sub
962 3734 1064 3799 undas

181 3822 312 3899 Oceani,
328 3843 402 3906 pars
417 3821 500 3886 celsa
514 3821 574 3885 sub
589 3821 743 3886 horrifero
759 3821 931 3907 Aquilone.

220 3907 331 3973 Axem
348 3907 483 3972 Cretaeae
498 3907 614 3972 dextra
627 3907 770 3992 laevaque
786 3919 921 3972 tuentur

180 3993 251 4059 Sive
266 3992 359 4060 Arcti
374 4017 432 4058 seu
447 3993 589 4059 Romani
603 3994 800 4078 cognominis
816 3993 925 4074 Ursae,
1142 3989 1173 4036 ²⁵

153 4161 168 4180 ..
180 4079 376 4160 Plaustrave,
394 4103 467 4166 quae
482 4081 579 4146 facies
594 4079 757 4147 stellarum
772 4091 820 4146 est
834 4081 982 4166 proxima
993 4100 1087 4201 veqo:
