2902 4838
534 561 567 596 ιιι
581 561 759 598 sunsortsss
772 560 889 596 encres.
972 568 977 577 ¹
1141 546 1209 596 xxvii

246 689 300 735 231.
320 687 365 734 Sed
391 685 539 750 quarendus]
567 687 631 736 mels
654 687 708 736 MS.
730 685 1210 751 quemnam-on-scfloe-quae-

212 754 309 800 rendam
328 753 385 800 EG.
404 752 490 814 (Ibid.)
508 768 594 802 zariae
605 751 708 815 reqione]
728 753 767 801 Sic
786 753 840 800 dedi
858 753 887 799 de
904 767 928 814 g.
948 752 1011 814 conj.
1027 765 1087 800 zotta
1105 755 1211 814 eripiant

211 817 269 877 (sic)
281 820 308 864 A.
326 833 392 865 zone
405 819 496 879 reqione
508 817 566 865 EG.
582 833 646 866 zona
656 821 748 865 ratione
758 817 808 879 (F.)
819 817 981 878 ugus-01³.
1242 855 1244 860 .

244 884 300 929 232.
318 875 481 944 Andromede]
508 881 573 930 male
594 882 661 930 deest
682 882 723 929 hic
744 897 827 929 versus
849 882 875 929 in
891 880 1091 944 vulgetis-Gn.
1134 879 1211 930 Zone

211 945 316 1008 ratione]
327 946 387 994 forte
397 965 403 994 ι
422 945 845 1010 Zonacrepione.—SOH.—erit
857 945 888 993 A
900 944 987 1008 (ibid.)
997 943 1096 1008 rammi]
1109 945 1211 1008 EGgsb.

212 1011 285 1058 madii
295 1010 349 1058 AF.
367 1011 466 1058 Omittit
476 1011 541 1059 hunc
552 1026 574 1060 v.
586 1010 706 1060 P.-0R.

244 1076 300 1122 233.
321 1075 355 1122 Ut
370 1076 440 1124 circle
457 1074 570 1138 candens]
589 1076 643 1123 MS.
656 1076 736 1130 habet,
759 1073 793 1123 Ut
803 1074 872 1124 chela
889 1075 988 1122 candent
999 1080 1026 1122 nt
1036 1073 1142 1122 hettinus
1155 1076 1210 1123 Ori-

212 1142 272 1187 onis.
314 1139 429 1202 Vulgati:
453 1139 486 1190 Ut
503 1141 572 1189 chelae
593 1141 701 1198 conans,
722 1145 765 1188 ant
786 1139 893 1188 baltheus
916 1141 1016 1188 Orionis.
1060 1139 1147 1202 Itaque
1168 1147 1212 1187 aut

212 1203 311 1267 vulgate
329 1203 433 1252 lectione
450 1213 551 1264 retenta,
569 1205 691 1253 distinctio
701 1204 831 1252 mutando:
850 1205 887 1252 uti
900 1219 945 1252 nos
955 1205 1066 1261 fecimus.
1077 1214 1119 1252 eut
1129 1203 1211 1265 legen-

212 1267 271 1317 dum
289 1275 317 1316 at
335 1269 398 1317 chela
418 1271 527 1330 eandm,
548 1285 606 1318 uam
627 1269 701 1318 etiam
722 1269 840 1332 singulari
861 1284 962 1316 numero
986 1268 1076 1331 χηλήν
1099 1269 1210 1318 dicimus.

212 1333 324 1382 Secundo
338 1333 392 1382 loco
402 1342 518 1382 utrumne
529 1341 579 1393 nat,
590 1349 620 1382 en
631 1341 657 1382 at
666 1334 742 1396 leges,
752 1349 838 1396 perum
849 1334 1014 1382 refert-Gn.
1049 1333 1211 1382 Germanicus

211 1412 260 1446 non
271 1399 333 1446 benc
344 1399 462 1461 expressit
472 1407 579 1446 mentem
591 1399 666 1458 Arati,
681 1399 849 1461 quiquoniam
860 1407 980 1446 extremes
991 1396 1072 1446 cheles
1084 1405 1211 1456 memoret,

210 1463 288 1524 magis
306 1463 412 1511 declarat
429 1463 760 1525 cogitcts.-SOH.—Sio
779 1463 871 1526 scripsi.
889 1464 991 1512 candens
1000 1469 1043 1510 ant
1054 1462 1076 1512 b.
1089 1463 1211 1526 AFPgsb.

212 1528 311 1576 candent
322 1533 349 1575 at
360 1527 381 1576 b.
394 1527 542 1576 EG.-OR..

243 1594 300 1640 234.
316 1591 394 1655 nrotn]
411 1592 511 1654 vulgati
528 1596 602 1655 sipno,
620 1592 684 1654 quod
695 1607 744 1640 non
755 1591 873 1654 improbo.
908 1592 989 1640 Locus
1001 1597 1083 1639 etitem
1094 1591 1134 1639 hic
1146 1591 1210 1640 diffi-

210 1655 263 1704 cilis
287 1665 323 1704 est
344 1657 478 1706 intellectu.
513 1658 568 1706 Hoc
588 1658 655 1705 enim
677 1657 757 1704 dicere
778 1656 840 1704 velle
861 1656 969 1704 videtur:
989 1657 1046 1704 Non
1065 1663 1162 1703 tantum
1178 1671 1210 1706 cx

211 1721 281 1769 Zona
295 1722 466 1782 Andromedae,
486 1730 529 1770 eut
540 1721 632 1780 Chelis,
650 1729 674 1769 et
685 1722 783 1779 Orione,
795 1721 837 1768 sed
849 1728 873 1769 et
884 1737 914 1768 ex
925 1721 994 1783 signo
1012 1721 1135 1782 eliquanto
1153 1736 1210 1783 pro·

209 1786 288 1848 priore
300 1786 372 1834 illum
385 1787 496 1849 (arietem
509 1785 632 1849 videlicet)
641 1802 711 1850 posse
722 1786 841 1848 cognosci.
876 1785 958 1835 Quare
969 1792 1039 1848 putct
1049 1787 1111 1832 forte
1122 1785 1210 1848 aliquis

211 1851 386 1899 Germanicum
404 1852 533 1915 propiored
553 1867 607 1899 eam
632 1851 790 1913 dinterjects
812 1850 909 1907 dixisse,
932 1851 968 1898 uti
990 1851 1092 1898 Plautus
1114 1858 1139 1897 et
1158 1851 1208 1910 elii,

210 1915 326 1979 Mederpa
336 1924 361 1964 et
375 1915 484 1979 Tederqc
500 1915 650 1964 extulerunt.
683 1916 731 1964 Sed
741 1917 787 1963 hoc
799 1916 872 1962 nimis
883 1915 1028 1963 obsoletum.
1060 1915 1134 1962 Dicet
1145 1915 1208 1963 alius

212 1979 303 2040 Crinm,
321 1981 386 2043 quod
401 1997 481 2044 graece
492 1981 592 2028 arietem
603 1989 681 2039 sonat,
692 1980 830 2043 legendnm.
865 1979 912 2027 Sed
923 1980 976 2042 ejus
987 1979 1052 2027 vocis
1063 1980 1143 2041 prims.
1152 1994 1209 2042 pro-

210 2043 314 2094 ducitur.
348 2046 434 2108 Iteque
454 2061 552 2094 necesse
570 2052 614 2104 est,
633 2046 759 2093 Platonico
779 2059 855 2103 more,
873 2045 927 2091 deos
945 2045 1099 2107 interpretari
1118 2045 1210 2104 stelles,

209 2124 258 2170 qus
269 2111 361 2158 ratione
372 2112 451 2173 potuit
463 2118 488 2159 et
497 2125 570 2173 supra
588 2111 697 2172 aurigam
709 2118 733 2158 et
745 2117 841 2158 taurum
860 2110 924 2157 divos
943 2110 1042 2158 dixisse.
1074 2113 1124 2157 Ant
1141 2109 1210 2159 Mam

209 2173 362 2236 interpretari
381 2176 489 2234 arietem,
509 2176 567 2238 quis
585 2184 635 2223 eret
654 2175 764 2238 Neptuni
782 2175 856 2232 filius,
873 2174 936 2222 utin
948 2174 1035 2222 fabulis
1052 2173 1166 2237 legimus,
1182 2185 1210 2223 ut

209 2237 396 2300 Erichthonius,
417 2256 490 2303 quem
512 2241 596 2288 disum
618 2241 743 2288 nominare
765 2239 861 2287 videtur
884 2239 1102 2287 Palladius-Gn.
1136 2240 1162 2287 Si
1179 2241 1209 2288 sd

209 2302 280 2350 Arati
302 2305 373 2352 verbe
394 2305 576 2362 attenderimus,
598 2305 694 2353 videtur
715 2304 838 2367 scripsisse
862 2304 1040 2352 Germanicus:
1065 2303 1113 2352 Est
1136 2307 1209 2353 etiam

209 2367 383 2416 Andromedam
396 2375 494 2432 propter
503 2385 638 2432 capnoscere
655 2372 755 2432 sanam.
789 2369 831 2416 Sin
844 2369 898 2416 MS.
913 2369 992 2416 Grotii
1004 2369 1207 2432 spectaverimus:

208 2433 321 2481 videntur
331 2435 403 2482 verbs
413 2435 447 2482 itn
459 2435 612 2497 refingende:
630 2433 676 2483 Est
687 2437 760 2482 etiam
773 2437 899 2498 propriore
909 2434 977 2482 mam
993 2439 1208 2496 commemorota,

209 2499 311 2546 Deltoto.
347 2499 445 2547 Scilicet
462 2499 532 2547 Meta
550 2500 649 2562 ponitur
667 2499 791 2547 interdum
809 2499 883 2546 etiem
901 2513 944 2560 pro
963 2499 1025 2555 loco,
1045 2498 1109 2546 unde
1120 2497 1210 2560 aliquis

207 2563 333 2624 procurrit.
367 2564 437 2612 Ovid.
455 2564 496 2612 lib.
513 2564 568 2614 ΙΙΙ.
588 2564 690 2612 Metam.
707 2580 730 2612 v.
744 2565 806 2612 145:
823 2563 927 2626 Jamque
950 2563 1000 2612 dies
1020 2563 1109 2611 medias
1129 2578 1209 2611 reram

207 2633 358 2677 contraxerat
379 2628 481 2689 umbras,
503 2629 538 2677 Et
553 2630 589 2676 eol
607 2644 635 2676 er
652 2639 716 2692 equo
737 2633 800 2676 meta
822 2627 927 2677 distabat
946 2632 1055 2692 atraque.
1089 2627 1209 2676 Fortassis

207 2691 283 2753 igitur
293 2693 332 2740 hic
344 2709 441 2757 quoqne
451 2694 598 2757 principium
610 2693 770 2756 cognoscendi
783 2699 846 2741 meta
856 2692 999 2756 appelletur,
1017 2691 1074 2754 quin
1091 2699 1127 2740 est
1139 2693 1209 2754 qussi

206 2755 276 2804 locus
296 2767 376 2816 notus,
394 2775 424 2806 ex
435 2773 483 2820 quo
494 2758 525 2805 ed
536 2759 682 2820 ignotiorem
700 2759 895 2819 cognoscendum
912 2757 940 2806 fit
954 2756 1208 2820 progressio—SCH.

209 2822 353 2885 —sipno]
372 2824 469 2870 AFPsb.
485 2829 551 2871 mota
562 2823 634 2884 EGg.
652 2829 714 2870 meta
725 2839 745 2869 s.
758 2823 915 2885 susp-OR-

241 2888 296 2934 235.
313 2887 424 2951 Deltoto]
444 2889 482 2935 Ita
494 2888 634 2951 ponendum
645 2887 699 2945 fuit,
714 2903 745 2934 ne
757 2888 840 2935 Caesar
852 2895 933 2934 noster
950 2902 1029 2952 caecus
1048 2886 1123 2934 fuisse
1142 2886 1209 2935 vide·

209 2957 284 3000 retur.
317 2952 432 3001 Deltoton
448 2953 508 3001 rntio
524 2953 643 3016 repudiet.
676 2953 737 3001 Abit
753 2951 828 3014 igitur
838 2953 868 3000 sb
880 2955 952 3000 Arato
963 2951 1064 3014 paulum
1075 2950 1207 3015 Interpres,

208 3030 283 3076 quem
302 3017 400 3079 ingenio
423 3018 463 3066 hic
485 3018 581 3065 vincere
604 3017 709 3065 voluisse
730 3017 834 3066 uidetur.
868 3006 961 3073 Strabo,
972 3015 1014 3064 lib.
1026 3015 1081 3064 XV.
1098 3030 1122 3077 p.
1137 3018 1207 3074 1026,

208 3081 345 3143 pariterque
364 3083 501 3145 Stephanus
520 3083 550 3130 de
563 3083 623 3130 Urb.
644 3082 717 3130 Delta
728 3082 833 3144 appellat
850 3080 964 3134 insulem.
984 3081 1049 3128 unde
1068 3079 1126 3128 huic
1143 3087 1207 3129 astro
1229 3107 1233 3116 =

194 3167 195 3172 =
206 3159 297 3192 nomen
308 3154 353 3195 est.
389 3151 483 3194 Donum
494 3147 537 3195 hoc
547 3147 671 3210 spectabile
684 3145 748 3209 Nili]
763 3148 875 3194 Deltoton
884 3145 1008 3208 AEgyptds
1016 3152 1060 3205 est,
1068 3152 1096 3192 ut
1103 3144 1208 3208 explicet

207 3209 354 3272 Anonymus
378 3212 525 3270 Germanici,
552 3220 578 3259 ut
597 3228 655 3260 cum
677 3211 807 3274 appellant,
829 3219 1012 3268 commentator,
1035 3218 1060 3258 et
1083 3210 1206 3273 Hyginus.

206 3273 330 3336 AEgyptus
348 3284 430 3324 eutem
451 3277 504 3324 Nili
522 3277 622 3324 donum.
657 3277 696 3324 Its
713 3277 778 3324 enim
797 3275 923 3332 Manilius,
935 3275 978 3323 lib.
990 3275 1034 3324 IV.
1051 3291 1074 3324 v.
1089 3273 1151 3326 774:
1169 3275 1208 3324 Et

205 3337 309 3402 Libyam
329 3342 478 3404 AEyyptique
499 3343 570 3398 hctus,
591 3343 724 3404 donataque
744 3356 810 3390 rura.
859 3342 893 3387 Et
909 3348 966 3388 ante
987 3356 1044 3388 eum
1068 3340 1207 3388 Herodotus

207 3405 326 3473 ποταμοῦ
344 3403 433 3470 δῶρον.
469 3407 540 3454 Unde
552 3406 630 3468 liquet
639 3421 710 3454 versu
723 3405 797 3454 altero
810 3411 948 3468 penetratam
965 3421 1021 3454 cunr
1040 3405 1206 3467 manuscripto

205 3471 347 3533 legendum.
383 3472 449 3522 Nem
466 3476 607 3527 meatum,
632 3471 696 3533 quod
713 3472 739 3518 in
757 3470 862 3532 vulgatis
884 3477 928 3526 est,
953 3471 1045 3518 nullius
1066 3477 1103 3518 est
1124 3471 1205 3532 pretii.

207 3537 255 3585 Sed
266 3554 296 3585 an
308 3536 400 3588 notabit
410 3551 467 3584 cum
479 3536 655 3598 Menuscripto‚
666 3551 697 3583 sn
708 3550 764 3583 vero
781 3537 873 3583 notarit
891 3535 965 3597 leges,
985 3550 1071 3599 parum
1090 3535 1205 3583 refert.-

207 3602 531 3651 Gn.-SCH.—-Deltoto
542 3601 571 3648 de
581 3616 605 3663 g.
617 3601 681 3663 conj.
692 3616 712 3648 ι.
729 3601 824 3647 damam
835 3599 958 3648 A.-·0R.

238 3669 293 3716 236.
315 3665 467 3729 dannatum]
492 3666 593 3728 EGgsb.
622 3671 758 3714 connatam
780 3668 808 3712 A.
835 3665 970 3712 veneraturi
992 3663 1041 3711 FP.
1069 3671 1205 3712 venmaiam

204 3731 274 3780 Indis
286 3732 410 3780 Barthius.
428 3730 515 3794 (Ibid.)
532 3730 636 3794 notabit]
654 3730 762 3791 AEGgs.
778 3731 868 3777 notavit
879 3729 907 3776 F.
923 3732 1012 3778 notarit
1024 3729 1157 3777 Pb.-0n.

238 3798 293 3849 237.
312 3796 422 3860 AEqnata
439 3793 551 3857 duorum]
569 3795 633 3844 male
649 3795 703 3846 MS.
715 3793 1076 3842 deorum.-Gn.—SCH.--
1085 3792 1141 3842 Tris
1152 3793 1204 3842 AP.

205 3863 287 3911 ductos
298 3867 327 3911 A.
345 3863 440 3910 deornm
453 3860 598 3910 EG.-0R.

238 3929 295 3976 238.
311 3925 383 3990 lyae]
402 3926 433 3975 A.
450 3925 559 3974 “clarior
569 3940 613 3973 suo
623 3924 680 3987 igne
692 3931 729 3972 est
738 3924 778 3971 hic
789 3923 884 3971 brevior
894 3923 1006 3971 ductus.”
1023 3925 1086 3984 tynis
1096 3922 1201 3971 EGFP-

203 3994 275 4054 gsb.;
301 3991 366 4054 quod
388 3993 432 4039 etsi
457 3991 552 4039 defendi
571 3998 658 4053 potest,
685 3989 757 4037 habet
780 3996 861 4036 tamen
884 3988 965 4036 nescio
986 4003 1059 4050 quam
1082 3987 1202 4049 ambigui-

205 4057 378 4106 tatem-Oti.
