2902 4838
225 521 251 572 lx
688 535 767 573 sou

224 659 368 720 zodiacon,
386 657 417 709 da
433 673 482 724 qao
498 657 540 709 hic
550 657 638 722 igitar,
656 661 769 724 pertinet,
788 666 814 710 at
824 674 950 724 uunquam
960 658 1063 710 antehac
1075 659 1168 714 editum
1180 669 1225 726 eat,

223 739 273 774 noa
290 725 391 774 verebor
408 725 515 784 recitata
532 731 604 788 prout
616 742 631 775 a
642 725 712 774 nobis
729 733 766 776 est
783 725 948 774 amandatum.
967 726 1053 774 Gaor.
1088 725 1142 776 Nos
1158 728 1224 792 frag·

222 797 335 840 mentum
347 789 408 838 illud
421 790 484 838 inter
495 789 629 854 iragmema
641 789 734 854 reliqua
745 789 894 839 exhibemus.
929 789 990 838 Istic
1000 791 1076 852 igitur
1086 806 1225 854 quarm.—

224 853 451 904 scm-tmen
463 854 494 903 Δ.
529 855 560 902 ln
571 855 615 904 Cd.
629 855 659 904 A.
670 855 696 904 hi
706 871 749 904 serr
760 870 845 904 versus
859 856 976 914 629-634,
995 855 1072 903 literis
1089 857 1224 906 minoribus

223 921 307 984 scripti
327 929 385 969 sunt
401 935 416 968 a
432 935 482 968 aec.
498 934 582 978 manu,
600 920 644 968 sed
662 927 745 968 tamea
762 921 914 984 perantiqua.
946 920 1003 968 «lam
1022 935 1078 968 varo
1096 929 1121 970 et
1138 937 1180 986 per
1198 937 1224 972 sa

222 985 305 1033 minus
322 983 386 1033 clare
403 999 523 1048 expressa
540 991 597 1033 ruat
616 985 752 1042 momoria,
771 985 945 1047 respondentes
959 985 1037 1042 Arati,
1055 999 1078 1034 v.
1090 987 1146 1042 641,
1157 1003 1223 1052 aaqq.

224 1049 390 1112 Barr.atqus
404 1049 498 1106 Avieni,
514 1049 584 1108 1037,
592 1063 658 1113 seqq.
671 1055 695 1098 et
701 1065 781 1098 sermo
790 1050 844 1112 ipsa
854 1049 928 1096 habet
936 1050 1043 1098 colorem
1051 1050 1223 1099 acholaaticum

222 1113 247 1162 in
269 1129 306 1162 vr.
323 1114 472 1178 prasertim:
499 1112 530 1162 Ia
546 1129 586 1162 rer
607 1115 708 1178 equales
732 1120 814 1178 partes
835 1113 969 1162 succumbet
991 1115 1138 1178 reputaret,
1159 1117 1222 1178 quod

222 1179 302 1242 majus
320 1179 393 1227 etiam
410 1187 454 1234 est,
472 1193 493 1226 r.
506 1179 562 1234 tat.
581 1179 674 1228 effictus
689 1187 726 1230 eat
738 1195 751 1228 e
763 1178 904 1227 Germanici
922 1179 999 1226 nostri
1016 1195 1039 1226 v.
1057 1179 1115 1230 476.
1151 1180 1223 1229 Huac

222 1252 274 1292 octo
284 1247 310 1292 ia
319 1247 430 1306 portensi
442 1246 496 1307 quir
505 1244 611 1292 diviserit
622 1243 716 1302 orbem,-
732 1259 815 1292 versus
826 1253 908 1292 autem
922 1245 978 1301 ota,
1000 1243 1066 1292 idem
1076 1259 1175 1307 prorsus
1186 1253 1223 1296 est

222 1323 279 1358 cum
298 1309 348 1365 illo,
368 1323 447 1372 aquo
464 1309 548 1371 incipit
567 1307 665 1372 Frapta.
685 1308 834 1370 Propuaatic.
856 1307 907 1358 111.
929 1308 1068 1357 Schwartaii
1085 1317 1110 1358 at
1128 1325 1221 1370 meum,

222 1373 287 1436 quod
297 1381 419 1422 servatum
439 1380 477 1420 eat
493 1373 519 1420 in
537 1373 585 1420 iiae
603 1374 666 1422 Cdd.
686 1373 781 1428 ΒΕΘ,
798 1373 846 1422 nisi
866 1373 974 1436 quodibi
986 1388 1063 1436 quum
1083 1382 1221 1438 separatum

218 1437 271 1501 jara
290 1437 382 1486 dudum
399 1438 616 1501 essetapoimatis
633 1453 739 1502 corpore,
759 1437 916 1502 interpolator
931 1439 1010 1501 prima
1021 1438 1093 1486 verba
1114 1439 1171 1486 Hac
1182 1443 1221 1488 uia

223 1501 286 1550 Solii
302 1503 499 1551 eritmutaritin
513 1517 550 1550 vr.
588 1501 642 1551 Uno
662 1507 702 1551 nia
718 1509 751 1551 eat
771 1504 840 1551 sota.
874 1503 970 1550 Desunt
989 1503 1068 1550 eidem
1085 1503 1221 1565 fragmento

222 1567 270 1616 duo
281 1575 359 1616 tresve
370 1581 453 1615 venua
465 1567 494 1616 de
505 1575 601 1616 rnnoet
611 1567 678 1616 loris
686 1576 711 1616 et
722 1568 829 1616 Saturni.
863 1567 1008 1630 Quaequum
1017 1583 1114 1616 mecum
1127 1577 1221 1630 reputo,

221 1633 334 1690 adducor,
358 1639 385 1680 ut
405 1631 501 1680 credam
524 1641 602 1680 totum
624 1632 705 1682 locum
726 1633 761 1680 ita
781 1647 834 1680 essa
855 1633 1069 1681 constituendum:
1095 1633 1222 1682 AEtlerior

221 1699 304 1760 carpit,
330 1702 379 1744 tam
396 1699 472 1744 mair
489 1699 604 1758 rnerpitur
623 1699 693 1746 uadis
710 1695 796 1760 (628).-
820 1699 876 1746 Hac
894 1699 935 1744 uio
955 1697 1015 1746 Solis
1034 1700 1081 1748 erit
1105 1697 1141 1745 bis
1160 1702 1221 1745 senis

221 1761 302 1810 lucida
313 1760 473 1824 sipnis(534).
505 1761 570 1810 Tum
586 1762 738 1824 Prognostic.
758 1762 856 1822 Fragm.
874 1761 928 1809 111.
945 1775 967 1808 v.
979 1762 1054 1810 2-16:
1077 1763 1222 1810 Mercurius:

221 1825 289 1874 binos
308 1827 427 1876 Gradiuus
442 1828 535 1890 perficit
552 1826 624 1876 orirer.
643 1831 657 1862 ¹
676 1826 690 1856 ⁸
708 1829 722 1860 ¹
741 1829 756 1862 θ
774 1826 870 1875 Nolito
889 1827 928 1874 lie
946 1826 1016 1876 Aries
1031 1832 1118 1875 aurato
1137 1828 1222 1876 uellere

222 1892 340 1954 quondam
351 1899 396 1940 cet.
414 1891 576 1952 (535)*0R.

254 1957 311 2006 636.
329 1955 423 2004 Nobilis
433 1955 471 2004 lic
481 1954 556 2019 artes]
576 1956 656 2004 Locur
667 1963 704 2004 eat
717 1955 920 2018 elegantissimus,
936 1955 961 2004 in
973 1971 1021 2019 quo
1032 1954 1097 2004 XII.
1112 1955 1220 2003 siderum

220 2019 310 2068 fabular
318 2021 421 2069 breuiter
430 2021 591 2084 attinguntur,
600 2035 673 2084 quem
683 2037 735 2078 nos,
742 2036 809 2068 more
817 2029 906 2077 nostro,
914 2021 1037 2084 integrum
1051 2036 1220 2084 proponemus.

221 2085 267 2147 (uti
284 2086 336 2148 jam
356 2100 484 2150 expressus
501 2085 548 2145 sat)
580 2085 672 2134 Versus
691 2094 749 2134 sunt
766 2085 940 2148 elegantissimi
951 2087 980 2133 ad
993 2101 1054 2150 quoa
1065 2086 1221 2148 explicandos

220 2165 266 2198 nos
274 2151 438 2213 accingamus.
455 2150 543 2198 Gaor.
577 2154 670 2199 Aurata
682 2149 778 2214 uellere]
797 2151 836 2198 De
846 2151 893 2198 hoc
905 2149 993 2198 vellera
1004 2151 1046 2198 alii
1058 2150 1131 2208 aliud,
1149 2158 1178 2198 ut
1186 2151 1220 2208 fit,

221 2215 336 2264 sentiunt.
378 2215 426 2262 Sed
444 2224 471 2263 ut
486 2215 544 2278 quid
561 2216 611 2262 veri
628 2215 706 2264 subsit
722 2215 818 2273 fabula,
836 2215 995 2277 intelligatur,
1012 2215 1074 2263 scira
1092 2215 1157 2274 licet,
1174 2215 1221 2263 hac

221 2279 299 2328 vellus
309 2295 410 2328 aureum
421 2279 447 2327 in
459 2280 563 2328 Colchos
580 2281 648 2342 prius
666 2279 772 2340 illatum,
792 2280 1002 2328 deiudoalasona
1020 2286 1044 2328 et
1061 2280 1133 2328 sociis
1150 2294 1220 2342 repe-

220 2344 294 2392 titum
306 2360 366 2393 esre.
400 2344 467 2408 Ergo
478 2345 666 2408 haudquaquam
677 2344 779 2394 Vossius
788 2345 815 2393 in
826 2345 1032 2394 observationibus
1043 2345 1073 2393 ad
1086 2343 1220 2403 Catullum,

219 2423 274 2521 ξας.
286 2411 339 2468 130,
350 2409 497 2472 penuaserit
507 2409 576 2469 mihi,
584 2409 662 2458 vellus
671 2409 733 2458 illud
745 2425 846 2458 aureum
857 2410 1043 2473 pretiosissimas
1053 2410 1130 2522 pelles
1142 2408 1221 2457 Zibel·

1061 2474 1134 2522 icatio
1145 2473 1221 2522 Palae·

219 2539 288 2602 pirati
298 2539 327 2587 da
339 2539 431 2588 incred.
442 2539 501 2588 hist.
517 2554 538 2588 c.
549 2541 589 2596 31,
608 2553 749 2602 quanquam
764 2555 808 2588 nec
819 2539 840 2586 is
851 2539 995 2602 scrupulum
1011 2553 1109 2588 omnem
1121 2539 1219 2586 eximat.

219 2602 496 2652 -SCH.—0mittit
506 2611 555 2652 trea
565 2618 602 2652 vv.
615 2605 732 2653 636-637.
750 2604 794 2652 Cd.
807 2603 928 2654 A.-01t

254 2670 311 2717 636.
331 2667 435 2732 Tauros]
454 2669 528 2716 Tauri
537 2675 668 2717 tenuerunt
679 2668 867 2726 Chersonesum,
880 2668 972 2732 quarab
982 2668 1012 2717 iis
1023 2668 1126 2717 Taurica
1135 2673 1219 2715 vocata

221 2739 264 2782 est.
299 2733 354 2781 vid.
374 2733 459 2782 Strabo
480 2734 569 2796 Geogr.
587 2733 629 2782 liu
648 2733 710 2781 VII.
728 2749 752 2796 p.
763 2751 797 2782 m.
808 2737 856 2784 art
867 2744 892 2782 et
902 2735 958 2783 trs.
993 2733 1048 2782 Hoc
1065 2732 1119 2780 loco
1139 2739 1220 2781 autem

252 2805 326 2846 testas
344 2798 418 2859 hujus
437 2799 543 2846 nominis
561 2805 610 2847 tam
630 2799 678 2847 late
696 2805 769 2862 patet,
788 2808 815 2848 ut
826 2799 899 2848 ctiam
917 2798 1022 2846 Colchos
1039 2797 1220 2860 complectatur.

219 2813 287 2911 iiam
302 2864 328 2911 in
347 2862 453 2911 Colchos
463 2863 493 2912 sb
504 2863 587 2912 Ariete
604 2863 720 2921 Phrixus,
739 2864 863 2927 Nephelos
880 2864 953 2921 lilius,
972 2879 1045 2926 quem
1060 2877 1162 2911 noverca
1175 2862 1220 2910 diis

220 2929 321 2977 mactari
340 2928 456 2988 voluerat,
474 2927 582 2992 perlatus
606 2937 649 2978 est.
692 2928 748 2977 Vid.
767 2937 855 2992 praeter
874 2945 923 2988 eoa,
943 2944 1003 2991 quos
1022 2927 1101 2986 citavi,
1125 2933 1221 2976 autores

221 2993 372 3050 Strabonem,
390 2992 432 3041 lib.
444 2993 466 3041 1.
486 3008 540 3056 pag.
554 2994 584 3043 77
596 3001 621 3042 et
632 3009 687 3058 pag.
699 2993 755 3045 762.
790 2993 904 3042 Prodidit
917 2991 1020 3056 Hellen]
1039 2992 1070 3040 In
1081 2992 1219 3040 catalectis:

220 3056 337 3106 Proditor
348 3065 382 3106 est
393 3058 476 3106 Helles
486 3063 508 3105 ct
519 3062 622 3122 portitor
632 3059 770 3122 Europaeua.
788 3060 877 3107 Gnor.
911 3058 956 3106 Sed
974 3057 1087 3106 meliores
1103 3057 1221 3104 editiones

219 3123 310 3171 habent
319 3121 435 3171 Portitor.
469 3123 606 3171 Prodidisse
622 3131 704 3172 autem
723 3125 818 3181 dicitur,
837 3123 894 3186 quia
907 3122 976 3170 illam
987 3123 1014 3170 in
1023 3122 1113 3169 fretum
1125 3121 1219 3183 dejecit,

220 3188 285 3251 quod
295 3189 325 3236 ab
335 3188 378 3236 illa
391 3187 566 3251 Hellespontus
583 3189 703 3237 nominari
714 3190 794 3252 coepit.
828 3187 884 3235 Vid.
895 3187 1036 3250 Apollodor.
1048 3187 1113 3234 Bibl.
1131 3186 1185 3234 libr.
1197 3185 1220 3235 I.

220 3269 241 3302 c.
255 3254 278 3311 9,
297 3254 343 3315 51,
361 3253 414 3301 add.
431 3269 504 3314 supra
522 3261 605 3302 notam
623 3254 654 3302 ad
668 3270 690 3302 v.
702 3252 1060 3315 223.-SCH.—Plryamn
1070 3252 1110 3314 gb.
1121 3252 1219 3312 frixum

220 3318 251 3366 E.
269 3318 353 3367 bellem
364 3318 484 3368 u-olt.

253 3383 310 3434 637.
330 3383 405 3439 Quam
418 3388 517 3445 propter
526 3383 651 3445 fabricata
664 3381 735 3445 ratis]
755 3383 786 3430 Id
797 3390 840 3440 est,
853 3383 924 3446 cujus
935 3381 1019 3431 Phrixi
1031 3397 1132 3431 aureum
1142 3379 1221 3428 vellus

219 3453 248 3494 ut
258 3454 376 3510 repeteret
387 3447 470 3506 Jasou,
492 3447 559 3512 Argo
577 3448 624 3496 tuit
643 3454 787 3496 constructa.
822 3448 883 3496 Vide
895 3463 968 3510 supra
980 3455 1048 3495 notas
1059 3447 1090 3495 ad
1102 3463 1123 3494 v.
1136 3448 1184 3494 842
1196 3451 1221 3493 et

220 3513 277 3560 att.
303 3511 402 3574 Perfida
416 3512 521 3575 Colchis]
540 3511 570 3560 Id
582 3521 626 3573 est,
638 3513 733 3570 Medea,
745 3527 800 3576 quae
812 3516 895 3562 crebra
904 3514 995 3560 samam
1006 3527 1076 3561 ruam
1085 3511 1222 3575 inquinavit

219 3577 327 3640 perfidia.
372 3578 428 3625 Hoc
448 3577 502 3627 loco
523 3585 606 3625 autem
625 3578 668 3626 illa
687 3579 794 3626 maxime
816 3585 914 3626 notatur
933 3577 1040 3640 perfidia,
1063 3593 1119 3640 qua,
1138 3583 1220 3624 coatm

218 3643 326 3705 parentis
339 3643 377 3690 sui
388 3643 467 3692 AEttae
480 3643 636 3700 voluntatem,
648 3643 733 3691 Jasoni
744 3643 846 3691 consilia
857 3642 979 3704 suggessit
989 3642 1018 3690 de
1030 3643 1143 3691 Dracone
1154 3641 1221 3689 aurei

219 3707 316 3756 velleris
337 3708 436 3757 custode
459 3708 524 3756 vaire
546 3707 662 3766 necando,
691 3716 716 3757 et
734 3708 790 3756 aliis
811 3707 991 3771 impedimentis
1013 3707 1134 3756 tollendis.
1168 3705 1221 3754 Vid.

221 3773 336 3822 Flaccum
348 3776 482 3835 Argonaut.
494 3771 558 3832 yn.
570 3775 626 3829 458,
638 3789 703 3836 seqq.
738 3774 809 3822 Idem
824 3773 925 3822 Flaccus
937 3772 1022 3820 eodem
1038 3771 1108 3833 libro,
1126 3787 1149 3820 v.
1164 3771 1220 3830 163,

220 3839 321 3886 eandem
340 3837 455 3886 Medeam
469 3838 553 3886 itidem
572 3837 683 3886 Colchida
700 3844 784 3886 vocat:
803 3837 854 3886 Hic
869 3837 911 3886 ubi
927 3839 1083 3900 nequicquam
1099 3841 1222 3886 aulantem

219 3901 337 4015 aClqlclida
353 3905 417 3952 curia
434 3902 500 3952 Juno
511 3903 582 3964 uidet,
598 3918 641 3950 uec
651 3903 707 3952 dum
717 3909 819 3952 extremo
834 3917 921 3965 parcre
929 3905 1021 3962 furori,
1032 3905 1071 3960 dra.
1105 3901 1145 3950 Ita
1156 3915 1221 3964 saepa

245 3967 277 4015 'bi
306 3984 337 4016 uo
356 3968 505 4016 ue-SCH.

252 3984 309 4084 cati.
327 3983 409 4097 §opita
428 4031 509 4096 cipite]
534 4033 655 4093 Dracone,
675 4047 748 4096 quem
772 4033 875 4084 Flaccus
894 4032 1032 4096 Argonaut.
1048 4030 1111 4081 VII.
1131 4045 1153 4080 r.
1165 4030 1221 4088 633,

240 2490 290 2531 uas,
307 2476 344 2535 (ut
356 2474 428 2537 vulgo
445 2474 578 2537 loquimur)
597 2475 681 2522 luisse.
715 2475 816 2537 Propior
826 2475 855 2523 ad
873 2475 945 2522 fidem
957 2480 1052 2536 esterp
