2868 4848
235 533 279 598 88
637 551 835 598 arananrcr

235 701 354 780 portat,
368 691 425 778 qui
435 691 553 757 ductus
564 690 742 776 significare
751 691 913 770 dicuntur,
927 699 1114 758 noscuntur.
1160 691 1239 758 Mu··

235 801 319 844 saeus
334 778 374 842 de
389 801 483 864 capra
493 777 553 842 hoe
569 777 687 843 refert:
711 778 806 844 datur
820 778 908 844 Jovis
923 777 1028 842 infans
1043 778 1234 843 nutriendus

235 864 384 930 Themidi
401 863 601 942 Amaltbaeoe,
618 886 692 949 quae
706 863 770 928 suit
785 864 913 930 domina
928 886 1043 949 caprae,
1059 887 1134 950 quoe
1146 887 1188 929 ex
1198 889 1235 929 ea

235 950 348 1016 lovem
360 950 505 1015 nutrivit.
551 950 631 1014 Esse
648 960 756 1015 autem
776 950 858 1016 banc
878 973 1005 1035 capram
1027 950 1126 1016 filiam
1152 951 1233 1016 Solis

235 1037 357 1114 dicunt,
381 1037 473 1122 cujus
487 1048 634 1120 aspectus
654 1047 721 1100 tam
744 1047 840 1101 atrox
859 1033 956 1100 luisse
975 1034 1103 1113 dicitur,
1125 1048 1163 1100 ut
1179 1036 1234 1102 Ti·

234 1133 326 1188 tanes
335 1145 405 1188 eam
416 1122 576 1200 timerent,
587 1133 801 1208 rogarentque
813 1133 948 1186 matrem
958 1121 1103 1199 Terram,
1113 1133 1151 1186 ut
1160 1145 1232 1187 eam

233 1207 377 1274 abderet.
421 1207 522 1272 Terra
536 1219 644 1273 autem
658 1208 693 1272 in
708 1219 801 1272 antro
812 1209 951 1272 clausam
966 1207 1158 1272 Amalthaeae
1169 1221 1233 1273 tra·

234 1293 315 1360 didit
334 1293 585 1371 custodiendam,
603 1293 715 1378 ibique
730 1293 843 1358 lovem
863 1316 935 1357 cum
951 1315 1028 1358 cura
1040 1293 1232 1358 Amaltbaeae

233 1379 397 1446 educasse.
443 1378 596 1446 Quicum
611 1391 694 1444 esset
705 1380 844 1465 juvenis,
860 1389 894 1444 et
908 1379 961 1443 ille
974 1391 1084 1444 contra
1099 1379 1232 1444 Titanes

231 1465 363 1530 inermis
377 1465 473 1530 vellet
487 1487 640 1550 pugnare,
656 1466 727 1551 ejus
741 1466 858 1551 pellem
873 1465 991 1529 dicitur
1000 1477 1161 1550 acceptam
1172 1488 1231 1551 pro

234 1563 326 1616 scuto
341 1551 500 1628 habuisse,
517 1551 603 1637 quod
617 1573 743 1635 semper
766 1548 937 1616 Titanibus
961 1551 1098 1634 agitator
1121 1551 1230 1616 timori

231 1637 341 1715 fuerit,
352 1647 386 1702 et
394 1637 559 1702 dicebatur
569 1636 760 1720 mediapelle
771 1637 979 1720 Gorgoneum
988 1648 1086 1722 caput
1094 1637 1230 1716 habere3

232 1745 271 1786 eo
286 1735 390 1788 tectus
405 1735 569 1807 tegmento
584 1744 698 1807 capras,
721 1733 811 1807 tergo
827 1723 958 1787 alterius
972 1723 1064 1806 pellis
1080 1734 1166 1788 tecta
1180 1747 1231 1786 re-

232 1809 350 1886 stituit,
365 1809 440 1874 vitae
457 1808 554 1873 etiam
566 1807 805 1873 immortalitate
820 1808 960 1885 donavit,
986 1808 1121 1892 caeliquc
1136 1809 1229 1874 astris

231 1893 353 1970 intulit,
367 1906 402 1959 et
416 1896 486 1980 ejus
499 1893 616 1979 pellem
631 1894 812 1979 appellavit.
847 1893 942 1975 ‚Aliis
956 1894 1071 1978 placet,
1092 1895 1230 1978 agitato-

232 2002 299 2044 rem
316 1979 488 2065 Myrtilum
503 2001 583 2056 esse,
599 1978 756 2044 Mercurii
770 1981 884 2058 filium,
901 1979 1055 2044 (Enomai
1070 1980 1227 2064 aurigam,

232 2076 266 2131 et
292 2077 425 2151 epatre
452 2064 616 2131 Mercurio
642 2066 734 2130 astris
760 2065 897 2143 illatum,
925 2066 1018 2151 cujus
1041 2078 1137 2150 caput
1161 2089 1228 2130 non

231 2151 370 2216 multum
386 2152 487 2216 distat
501 2151 542 2215 ab
558 2150 683 2228 Helice,
707 2173 814 2234 genua
834 2163 1043 2236 apponuntur
1068 2151 1228 2230 GeminiS,

231 2237 328 2322 pedes
350 2239 450 2323 juxta
474 2236 574 2301 Tauri
597 2258 727 2302 cornua.
774 2237 887 2302 Habet
909 2249 1017 2302 autem
1046 2237 1165 2315 stellas,
1194 2239 1229 2302 in

231 2323 335 2408 capite
361 2347 470 2400 unam,
493 2324 528 2386 in
552 2322 685 2406 singulis
709 2323 850 2388 humeris
874 2323 1025 2406 singulas,
1051 2324 1107 2387 sed
1126 2347 1166 2388 ea
1180 2336 1230 2388 est

231 2408 354 2487 clarior,
372 2432 446 2494 quae
461 2410 494 2474 in
510 2409 639 2474 sinistro
654 2408 788 2474 humero
800 2421 860 2487 est,
870 2423 904 2474 et
915 2409 1094 2494 appellatur
1105 2409 1227 2494 Capra:

230 2495 266 2558 in
282 2495 415 2578 singulis
429 2495 565 2580 genibus
585 2494 738 2578 singulae,
753 2495 785 2559 in
803 2496 919 2560 dextra
939 2517 1038 2558 manu
1061 2517 1170 2571 unam,
1194 2495 1229 2558 in

231 2581 358 2645 sinistra
374 2582 462 2658 duas,
479 2592 512 2646 et
528 2603 623 2666 super
637 2583 707 2665 ipso
721 2581 852 2645 brachio
866 2581 973 2646 stellas
989 2581 1079 2658 duas,
1092 2603 1166 2666 quae
1176 2605 1230 2646 vo·

231 2678 345 2732 cantur
362 2667 474 2734 Hoedi.
520 2665 606 2731 Sunt
620 2689 729 2732 omnes
745 2667 840 2732 simul
855 2667 975 2732 decern.

275 2752 375 2817 Porro
395 2752 539 2818 Taurum
562 2753 648 2817 inter
671 2764 757 2817 astra
781 2753 910 2838 quidam
935 2762 1054 2838 putant
1075 2751 1228 2837 positum,

254 2850 363 2923 ropter
377 2839 503 2919 Jovem,
521 2839 614 2926 quod,
629 2838 662 2902 in
682 2839 796 2918 bovem
820 2840 862 2903 sit
882 2839 1026 2903 fabulose
1049 2860 1228 2903 conversus.

229 2861 383 3008 ltigidius
398 2925 484 2990 hunc
499 2925 611 2988 lovem
626 2946 646 2988 a
661 2924 817 3008 Neptuno
832 2925 929 2989 fratre
944 2925 1154 3008 pergratiam
1175 2925 1230 2988 ad-

231 3011 372 3087 duxisse,
390 3011 446 3094 qui
461 3011 496 3074 in
512 3012 615 3094 figura
629 3009 728 3074 Tauri
744 3033 872 3075 sensum
890 3010 1067 3074 humanum
1082 3009 1228 3086 haberet,

232 3119 329 3180 quem
342 3096 471 3182 Jupiter
486 3095 638 3162 Sidonem
655 3096 752 3173 misit,
769 3107 807 3159 ut
822 3096 987 3180 Europam
1010 3096 1170 3178 Agenoris
1193 3097 1230 3159 fi-

230 3183 306 3246 liam
322 3183 411 3246 adse
426 3193 578 3267 portaret,
600 3183 691 3266 isque
716 3204 773 3266 per
797 3181 929 3266 pelagus
953 3180 1105 3245 Sidonem
1130 3183 1227 3258 venit,

230 3268 340 3352 ibique
356 3268 522 3353 Europam
536 3269 622 3333 inter
636 3269 776 3351 aequales
792 3290 864 3331 suas
878 3267 1043 3332 ludentem
1058 3267 1093 3330 in
1109 3268 1229 3351 templo

231 3353 412 3438 AEsculapii
426 3354 607 3438 conspexit,
623 3377 758 3439 eamque
774 3353 943 3438 repentino
955 3364 1085 3436 arreptu
1097 3352 1230 3417 colloca-

231 3450 296 3504 tam
321 3461 380 3503 suo
405 3451 495 3523 tergo
518 3440 649 3504 devexit
673 3441 713 3504 ad
737 3439 849 3516 Jovem
871 3439 906 3502 in
926 3437 1064 3502 insulam
1089 3437 1228 3503 Cretam.

233 3523 285 3589 Ob
300 3524 383 3590 hanc
394 3526 494 3610 igitur
509 3548 634 3589 causam
649 3525 778 3610 Jupiter
795 3525 938 3590 Taurum
954 3524 1110 3589 sideribus
1123 3524 1231 3606 digna·

232 3621 284 3676 tus
300 3623 350 3675 est
363 3612 536 3676 immortali
551 3612 703 3676 memoria
717 3610 846 3676 inferre.
893 3609 1124 3676 Eratosthenes
1140 3610 1228 3686 dicit,

231 3698 316 3762 hunc
326 3719 394 3762 esse
404 3699 461 3783 qui
476 3698 552 3762 coiit
566 3720 639 3761 cum
655 3696 824 3783 Pasiphae.
869 3694 974 3782 Cujus
990 3697 1111 3780 priores
1122 3707 1229 3780 partes

231 3794 399 3868 apparent,
416 3784 577 3869 reliquum
600 3806 715 3868 corpus
738 3806 805 3847 non
822 3793 957 3868 apparet
977 3794 1108 3867 propter
1124 3781 1230 3846 foemi-

231 3892 330 3934 neum
346 3892 470 3934 sexum.
518 3870 650 3954 Spectat
665 3881 774 3934 autem
789 3869 956 3934 orientem.
1001 3866 1041 3932 In
1058 3868 1149 3952 signo
1173 3890 1230 3931 au-

231 3966 298 4019 tem
313 3953 410 4020 Tauri
425 3956 512 4020 frons
528 3967 561 4020 et
575 3955 682 4032 facies,
700 3954 832 4039 Hyades
841 3966 1003 4030 vocantur,
1018 3977 1098 4039 quas
1111 3953 1231 4016 Phere-

230 4041 325 4126 cydes
342 4041 520 4107 Athenaeus
536 4042 676 4106 nutrices
697 4041 809 4107 Liberi
833 4041 921 4119 dicit,
943 4062 1017 4124 quae
1041 4039 1230 4108 Dodonides
