2902 4838
571 586 605 622 nn
618 585 794 644 sciscitasti.
1120 575 1184 624 cxvii

187 702 259 770 ίᾷναί
270 719 320 768 μου
331 701 414 768 στόμα
425 699 641 767 'Birria-Aperte
657 703 724 752 enim
741 703 882 752 imitabatur
900 699 1031 767 Euripides
1052 702 1185 754 Homerios

186 771 212 820 in
229 770 261 818 Il.
273 770 306 818 X.
324 769 380 818 495.
418 767 511 816 Χείλεα
529 766 577 833 μίν
594 767 616 816 τ’
633 765 718 832 ἐδίην’,
737 765 856 834 terpora
873 765 894 816 δ’
911 767 957 817 οὐκ
975 766 1148 834 idipso-quae
1159 779 1184 818 et

185 835 331 884 Damaseius
344 835 474 897 respexita
491 833 524 881 ud
537 833 604 882 Suid.
612 835 639 881 in
651 831 708 881 Ἐπ’
720 831 918 896 ἐλάχιστον-οε
927 849 1023 896 quoque
1034 836 1116 896 ipsum
1126 835 1184 882 imi-

186 901 284 948 tabatur
294 900 320 948 in
332 898 394 948 Hec.
405 900 461 956 351,
472 850 597 963 ίθρίφθην
615 896 728 948 ἐλπίδων
745 898 833 947 καλιίν
851 896 910 947 teo.
943 899 1036 962 Phryg.
1050 898 1148 962 Fragm.
1160 902 1184 959 3,

186 961 442 1028 δι’ἔλπίδοςτρίφον.
476 963 566 1012 Bacch.
577 963 634 1020 617,
653 961 789 1013 tartaron
801 961 931 1026 ἐβόσκετο.
962 963 1109 1012 Pheneos.
1154 961 1186 1013 Al

186 1027 207 1078 δ’
215 1027 316 1086 ἐλπίδες
326 1027 451 1091 βόσκουσι
454 1025 583 1109 ¹postidea
616 1029 747 1092 Exquisita
764 1043 813 1077 vox
830 1025 922 1078 ίαίνειν
939 1043 994 1076 com
1039 1036 1063 1078 et
1077 1029 1104 1077 in
1120 1029 1185 1092 stag·

186 1101 270 1144 mento
297 1093 432 1150 Alemanis,
467 1097 537 1174 Ερως
564 1093 660 1156 plurale
680 1091 808 1156 κατείβων
834 1091 942 1158 καρδίαν
968 1044 1038 1141 tal„²¹

1006 1109 1061 1144 vett
1090 1109 1186 1144 necnon

186 1159 356 1214 Anacreontis,
372 1156 447 1207 ίαίνει
461 1156 519 1222 παρ’
533 1155 618 1222 Ἔρως
636 1157 855 1239 ὑπογαργαλίζων
875 1153 1036 1222 σπλάγχνοι
1053 1158 1187 1222 eademqne

185 1224 322 1273 restituitur
331 1223 448 1287 AEschylo
457 1223 485 1270 ln
493 1223 585 1285 Agnm.
594 1223 650 1282 277,
661 1221 726 1271 Ἀλλ
743 1223 761 1282 ἦ
772 1220 794 1271 α’
806 1221 913 1273 ἐπίανίν
924 1239 964 1280 τις
973 1223 1085 1288 ἄπτερος
1095 1221 1186 1289 φάτις,

187 1289 230 1337 ubi
246 1289 356 1352 Tonpius
366 1287 647 1346 vensaimeemendnrit,
665 1286 693 1336 σί
704 1286 903 1354 sipoto-licet
913 1285 1021 1337 ἑπίανεν
1039 1289 1102 1336 tueri
1120 1289 1187 1338 vide-

186 1361 242 1402 atur
258 1353 391 1416 Phrynich.
411 1353 486 1401 Arnb.
501 1367 527 1416 p.
538 1354 578 1411 dl,
601 1352 696 1417 Δόγοις
722 1353 835 1403 πιαίνειν
847 1365 854 1380 ·
865 1351 1146 1419 παραμυθεῖσθαι-κά
1163 1362 1188 1404 et

187 1419 222 1467 ibi
240 1417 289 1480 legi
306 1419 383 1476 debet,
402 1416 535 1468 ἐπιαίνειν.
569 1418 675 1466 Mirifice
693 1420 795 1467 verbum
810 1417 913 1466 idemin
923 1418 993 1480 pejus
1011 1417 1147 1467 deflectitur
1161 1419 1188 1468 in

189 1483 263 1546 Soph.
285 1483 382 1546 Fragm.
403 1483 468 1545 apud
489 1482 570 1531 Sohol.
588 1483 615 1530 in
633 1483 758 1546 Aristoph.
779 1484 839 1546 Lys.
852 1487 875 1543 8,
896 1479 1059 1541 ὮςᾶνΔιός
1087 1480 1189 1535 ίτωπον

187 1545 308 1597 ἐνταυθοῖ
326 1547 405 1613 χοροί,
423 1547 458 1596 ita
468 1547 534 1595 enim
546 1547 606 1596 coa.
618 1547 690 1598 Voss.
703 1555 736 1608 at,
748 1547 879 1596 Dindorfio
896 1554 966 1607 teste,
983 1500 1103 1608 ἔκτανθίῖ,
1122 1549 1189 1598 unde

187 1613 240 1676 ipse
259 1614 322 1661 eruit
340 1611 450 1677 ίκταθῇι
471 1627 557 1660 verum
576 1613 663 1666 Suidas
679 1614 706 1661 in
724 1613 874 1668 Τοξοποιεῖν
892 1613 990 1661 exhibet
1008 1610 1094 1677 ίανθῇ,
1115 1614 1188 1676 quod,

189 1678 246 1740 quia
257 1675 334 1737 ίανθῆ
345 1679 449 1743 primam
460 1677 566 1739 corripit,
578 1678 645 1726 ducit
659 1679 689 1726 ad
705 1676 744 1737 οἷς
755 1679 797 1727 καί
808 1675 868 1734 Διὸς
877 1675 998 1742 μέτωπον
1010 1673 1190 1740 idolis-juxte

188 1743 349 1791 Homericum
359 1743 387 1790 in
398 1742 437 1791 Ῑλ.
448 1745 477 1790 0.
498 1744 553 1803 102,
575 1741 639 1791 Οὐδὲ
677 1741 774 1792 ’τωπον
785 1741 824 1795 ἐπ’
838 1739 929 1808 ὀφρύσι
945 1739 1084 1807 κυανέῃσιν
1101 1740 1188 1803 ἰάνθη.

190 1809 238 1856 Sed
254 1808 285 1856 ad
300 1807 477 1856 Eratosthenes
492 1814 605 1856 revertur.
661 1823 716 1856 oces
734 1806 840 1873 ἀσήμως
857 1807 923 1855 κατὰ
943 1807 1031 1868 Πᾶνα,
1050 1806 1090 1854 rel
1107 1809 1188 1858 simile

191 1873 250 1935 quid
259 1874 388 1921 manifesto
398 1872 523 1936 postulant
531 1873 574 1921 illa
583 1871 613 1922 τὸ
625 1874 673 1932 τῆς
702 1874 771 1932 ωνῆς
781 1870 878 1936 ἀσαφὲς
890 1871 924 1930 ἦν
935 1873 980 1921 τοῦ
992 1869 1083 1930 Πανὸς
1094 1871 1188 1937 τρόπον

188 1937 388 2051 σρμαινόμενον,
404 1938 439 1986 its
450 1937 517 1985 enim
527 1881 977 2051 ¹2⁸⁰2H⁰d=y⁰1lif,fageulfffmloe'
993 1935 1084 1994 Πανὸς
1096 1936 1189 2052 σκρτος

189 2019 426 2133 ἓίθὸἴίτρίίίῖιίίί
436 2011 776 2132 ίιίιίθίίίεζίξθιςῃφιίντίιθίας
783 2019 837 2126 (118113
848 2001 1189 2131 {ldedl’dlddrlrifdffiaellerudnnl

187 2133 222 2212 gl.
239 2133 330 2192 Πανὸς
348 2134 433 2183 κοῖλον
445 2147 452 2160 ·
463 2131 546 2196 ὄνομα
565 2129 708 2199 σχήματος,
728 2131 794 2183 ὅταν
804 2131 827 2182 ol
837 2131 890 2182 α’πὸ
907 2132 1006 2182 ostillon
1016 2129 1034 2196 d
1045 2132 1189 2198 πεπληγὼς

187 2196 1191 2328 tttttttssitsszttttttit3.321¹³.³t¹¹.lltl'tt.'‘,t.tibitibi

190 2328 377 2391 intelligendum
395 2297 519 2390 Aris'toph.
540 2327 604 2376 Rsn.
622 2329 662 2385 38,
686 2327 741 2376 ΗΡ.
765 2329 805 2386 τίς
821 2329 872 2389 τὴν
892 2326 975 2393 θύραν
994 2324 1135 2386 ἐπάταξενς
1154 2328 1190 2389 ὡς

190 2393 367 2459 Κεντανρικῶς
385 2389 507 2450 Ένήλαθ
526 2389 613 2452 ὅστις,
630 2390 684 2440 είπέ
702 2410 753 2458 μοι,
773 2394 844 2443 παντί
856 2394 881 2444 τί
897 2391 948 2452 dv,
966 2396 1008 2442 ΔΙ.
1021 2389 1034 2438 ὁ
1047 2395 1119 2452 παῖς.
1153 2395 1190 2444 At

189 2459 249 2522 quid
259 2458 305 2506 sibi
315 2457 374 2506 velit
383 2457 449 2505 istud
457 2457 643 2522 Κεντανριιιῶς,
655 2472 727 2506 nemo
735 2457 830 2516 dixerit,
842 2459 890 2508 nisi
900 2459 939 2508 oui
948 2466 1006 2506 nota
1015 2458 1107 2507 fuerint
1115 2461 1190 2509 verba

192 2523 319 2586 Hesychii,
338 2519 403 2572 ὅταν
416 2539 455 2579 τις
474 2522 566 2581 Πανὸς
583 2519 684 2588 κώλῳῆ
701 2521 844 2587 πεπληγὼς
862 2521 974 2590 ἅντρονι
994 2523 1059 2571 unde
1070 2530 1144 2587 patet,
1156 2540 1190 2574 ne

192 2589 251 2667 quid
262 2588 340 2637 dicam
352 2588 382 2636 de
393 2585 465 2644 ὅστις
473 2602 600 2651 perperam
610 2587 738 2636 claudente
748 2589 903 2648 sententiam,
924 2588 1053 2638 Comicum
1064 2589 1190 2652 scripsisse

190 2670 225 2711 ως
238 2653 418 2718 Κενταυρικιίς
432 2649 555 2710 Ἐνὴλαθ
566 2666 574 2682 ·
586 2648 670 2714 οὗτος,
687 2651 741 2702 είπί
759 2670 811 2719 μοι,
833 2654 904 2703 τουτί
922 2653 946 2702 τί
963 2650 1013 2711 dm
1031 2657 1074 2702 ΔΙ.
1087 2651 1101 2701 ὁ
1113 2654 1188 2713 ποῦς.

191 2718 289 2781 Nempe
309 2718 412 2766 Herculi
430 2716 570 2776 sciscitanti,
596 2719 651 2780 quis
672 2717 737 2766 fores
757 2718 877 2782 pulsabat,
903 2718 1019 2767 Centauri
1038 2734 1114 2778 more,
1139 2735 1189 2769 res-

192 2784 279 2847 pondit
297 2783 417 2841 Bacchus,
436 2797 478 2844 pes
494 2783 615 2844 pulsabat.
649 2782 703 2831 Hac
712 2784 811 2831 demum
823 2783 990 2832 emendatione
1000 2790 1098 2847 recepta
1114 2784 1188 2833 intel·

189 2848 235 2910 ligi
250 2854 354 2912 possunt
374 2845 559 2906 Eratosthenes,
576 2845 605 2896 lv
626 2848 688 2897 ποσί
710 2847 776 2896 κατὰ
800 2849 894 2897 Πᾶνας
918 2849 1064 2912 quibuscum
1086 2850 1190 2898 conlerri

192 2914 281 2962 debent
298 2913 372 2961 verba
389 2910 596 2976 Pseud-Orphei
612 2912 639 2960 in
658 2913 795 2976 Argouant.
814 2915 872 2973 442,
891 2913 979 2978 Αὐτὰρ
999 2909 1067 2978 ὀρῶν
1083 2915 1191 2978 (scilicet

192 2978 215 3027 0
244 2978 292 3026 hee
300 2977 439 3038 canentem)
455 2973 603 3042 Κένταυρος
612 2974 729 3043 ἐθάμβεε,
741 2979 783 3041 χεῖ
798 2976 858 3031 ’ἐπί
868 2979 935 3044 χειρί
944 2978 1053 3028 Πυκνόν
1062 2977 1188 3042 ἐπισείων,

191 3042 221 3094 οὗ
239 3061 270 3101 ας
288 3039 309 3090 δ’
325 3041 439 3109 ἤρασσεν
455 3039 568 3108 deriput:
591 3043 661 3104 cnjus
681 3043 729 3091 loci
746 2995 865 3092 indicium
887 3044 967 3107 Dycio
987 3059 1043 3093 meo
1064 3044 1190 3094 Venerum

192 3109 312 3167 omniurn,
323 3123 384 3171 quas
395 3108 507 3170 degustat
517 3107 597 3165 unice,
614 3107 740 3156 delibatori
749 3109 832 3157 debeo.
861 3109 923 3157 lnde
933 3114 1000 3172 patet
1009 3109 1190 3158 evidentissime

192 3172 353 3222 Scholiastem
364 3172 477 3234 scribere,
499 3173 540 3221 ‘id
551 3179 588 3220 est
597 3172 628 3220 ad
642 3173 717 3222 Panis
733 3173 834 3222 modurn
844 3174 947 3237 pedibus
958 3181 983 3221 et
993 3174 1106 3224 manibus
1117 3175 1188 3239 plau-

191 3237 406 3287 debat.”’·-G.B.
440 3237 524 3298 (idid)
538 3237 721 3300 obsconditum]
739 3237 838 3302 corrige
849 3237 1016 3288 absconditum.

224 3302 334 3365 ΡαρΑΒ.
350 3302 422 3350 Misit
437 3303 479 3365 qui
497 3317 554 3351 eum
573 3301 678 3366 peteret]
696 3303 750 3352 Has
768 3319 839 3353 voces
857 3304 958 3353 sortasse
976 3319 1007 3351 ex
1023 3303 1103 3367 priore
1123 3303 1191 3353 lines

189 3369 304 3432 repetitas
313 3367 410 3416 uncinis
420 3367 517 3416 inclusi.
873 3385 876 3392 ¹

223 3431 284 3495 Pap.
293 3434 332 3482 50.
351 3431 460 3495 Celinio]
479 3432 545 3494 Lege
558 3431 679 3495 Cyllenio.

222 3497 287 3561 Pap,
295 3499 335 3547 51.
352 3497 393 3546 Ad
403 3496 527 3560 Posteros]
546 3495 727 3545 Scheubachiua
733 3497 789 3559 jure
798 3496 897 3560 corrigit
904 3505 1018 3562 pastores.

221 3562 333 3626 Paeon.
350 3561 514 3624 Catastroma]
532 3562 783 3624 Legeratustromatc.

223 3627 336 3692 Pauor.
356 3628 438 3684 Nilus,
445 3627 487 3690 qui
498 3634 523 3675 et
534 3626 601 3674 Gion
611 3625 776 3690 existimatur]
794 3625 836 3675 An
846 3626 994 3676 Seholiaates
1001 3634 1083 3676 noster
1093 3626 1188 3676 Christ-

190 3695 262 3742 ianus
273 3694 285 3741 l
286 3693 355 3750 uerit,
366 3693 420 3740 aliis
427 3692 550 3756 judicium
559 3691 680 3754 relinquo.

224 3757 288 3821 Ραρ.
300 3760 340 3808 56.
356 3756 477 3820 Isidorus]
502 3757 566 3806 Haeo
582 3757 665 3806 citatio
683 3761 781 3804 aetatem
800 3755 942 3804 Scholiaatae
954 3764 1009 3818 post
1026 3756 1189 3806 isidorianam

190 3823 283 3881 cadere,
301 3824 346 3872 ie.
356 3829 412 3886 post
421 3838 514 3872 annum
528 3821 620 3870 Christi
630 3823 678 3870 600
688 3821 761 3884 plane
778 3822 933 3871 demonstrat.
966 3821 1049 3883 (ibid.)
1067 3821 1129 3870 Dele
1140 3821 1188 3871 dis·

191 3889 334 3936 tinctionem
343 3888 407 3936 inter
418 3890 521 3952 quinque
532 3887 582 3936 dies
593 3895 617 3936 et
628 3895 650 3938 et
659 3887 823 3951 quadrantem.

221 3957 287 4066 ἔαρὰ
294 3955 332 4002 ὅθι
351 3953 453 4016 Singula
464 3968 520 4002 vero
531 3953 601 4016 signa
613 3952 655 4001 Sol
673 3951 776 4000 trecenis
787 3950 884 4014 diebus]
903 3951 948 4001 Sol
957 3951 983 4000 in
995 3953 1041 4002 hoc
1052 3951 1106 4002 loco
1116 3952 1191 4016 plane

193 4033 219 4067 re
237 4034 271 4066 un
288 4026 320 4066 at.

224 4082 286 4146 Pap.
294 4084 334 4132 6³.
351 4080 488 4145 Desinunt]
508 4083 564 4132 Err.
575 4089 656 4147 typog.
669 4097 713 4146 pro
725 4081 842 4130 desinant.
