2868 4848
205 556 249 621 24
605 576 801 622 oanuaurcr

206 713 307 780 Nulla
319 725 466 782 serenato
482 711 695 814 Capricornus
709 714 821 780 nubila
835 713 913 782 caelo

206 799 402 888 Comparat;
425 812 460 866 at
472 800 593 885 gehdos
607 800 703 865 flatus
718 801 852 884 caelique
866 801 1007 885 fragores

207 885 283 952 Non
298 888 360 952 alio
374 887 489 951 melius
503 886 594 970 signo
609 886 781 971 praedicere
796 887 905 971 possis.

206 973 352 1038 Piscibus
365 973 435 1038 haec
450 972 560 1037 eadem
576 973 718 1057 quamvis
733 995 922 1056 cognoscere
933 971 981 1038 fas
995 973 1047 1037 sit.

206 1059 479 1146 Quandoquidem
490 1069 623 1148 errortus
637 1058 759 1122 mundo
774 1054 942 1143 Cyllenius
957 1058 1039 1141 iguis

206 1145 297 1212 Quid
310 1146 428 1211 faceret
442 1145 546 1230 primo
561 1143 654 1208 docui
665 1165 739 1208 cum
754 1143 875 1208 lumine
892 1143 994 1208 sotis:

204 1229 346 1316 Tempus
361 1242 395 1296 et
408 1253 536 1296 occasus
551 1240 681 1295 moneat
695 1251 769 1314 quae
783 1229 903 1294 discere
919 1229 1046 1294 Phoebi.

205 1317 276 1383 Ver
290 1318 352 1382 erit
366 1317 508 1381 hibernis
524 1327 630 1380 totum
644 1315 839 1380 exsecrabile
855 1315 981 1392 nimbis,

205 1401 252 1469 Et
266 1403 377 1468 crebro
393 1403 516 1468 tonitru
531 1402 661 1485 ninget3
684 1401 831 1466 florentia
846 1423 921 1465 rura
1153 1403 1200 1451 140

207 1489 229 1553 S
255 1512 353 1575 esque
367 1511 458 1555 novae
473 1488 590 1572 segetis
603 1488 789 1572 quatientur
803 1486 966 1570 grandinis
980 1487 1057 1552 ictu.

206 1513 331 1640 [hatur
345 1576 469 1653 caelum,
484 1573 591 1657 magni
607 1595 707 1657 quum
723 1594 822 1656 regna
836 1573 992 1637 Tonantis

206 1660 396 1746 Ingrediens
412 1659 549 1725 Pccudis
562 1658 782 1723 conscenderit
796 1682 893 1723 aurea
907 1669 1006 1743 terga.

207 1747 295 1812 Hinc
309 1757 343 1812 ct
358 1747 521 1831 Agenorei
536 1745 697 1810 stellantia
711 1767 830 1809 cornua
842 1745 952 1823 Tauri,

207 1833 334 1900 Quidve
348 1833 454 1898 ferant
470 1831 613 1908 Gemini,
629 1831 739 1915 rapido
755 1830 833 1929 quid
848 1830 950 1895 sidere
967 1829 1103 1908 Cancer,
1159 1831 1205 1878 145
1248 1861 1251 1866 ·
1334 1915 1339 1922 ⁸
1429 1882 1432 1905 ,

208 1919 243 1983 si
259 1919 388 2004 penitus
404 1939 547 2003 quaeres:
571 1913 713 1982 Taurum
730 1938 841 1980 saevrre
856 1917 978 1980 videbis

208 2005 387 2082 Grandine,
404 2025 462 2067 nec
479 2013 590 2066 contra
603 2001 679 2066 ferri
694 2001 818 2068 ratione
831 2002 996 2087 probanda

207 2089 279 2154 Aut
294 2087 456 2154 Cancrum
471 2099 529 2152 aut
542 2088 707 2172 geminos:
731 2088 850 2152 calidus
869 2089 1002 2172 vestigia
1013 2099 1117 2153 servat
1190 2159 1191 2168 χ

209 2175 296 2240 Hinc
313 2197 377 2260 quo
392 2175 500 2252 ducta,
517 2173 585 2238 Leo
597 2174 752 2258 saevisque
767 2173 925 2238 caloribus
940 2175 1039 2239 ardet.

206 2261 352 2326 Flatibus
363 2271 397 2324 at
411 2261 523 2344 gelidis
535 2260 647 2324 miscet
658 2259 831 2344 tranquilla
846 2260 962 2323 severis
1157 2260 1204 2308 150

208 2346 365 2432 Spicifera
380 2346 453 2410 Dea
466 2356 544 2412 nota
559 2367 676 2424 manu3
700 2368 759 2409 nec
775 2345 874 2410 Libra
889 2347 1023 2410 metenti

207 2434 370 2498 Dissentit
383 2433 482 2511 divae3
506 2432 572 2508 sed,
590 2444 627 2495 ut
641 2432 722 2508 haec,
737 2443 872 2495 ventura
883 2454 996 2496 serena

103 2516 105 2520 ⁴
207 2519 369 2597 Nuntiat3
393 2528 427 2584 at
440 2518 543 2582 ventis
559 2529 662 2582 cessat
675 2539 774 2594 mare,
790 2527 892 2582 cessat
907 2528 941 2582 et
955 2527 1018 2583 aar.

208 2607 356 2690 Scorpios
372 2606 406 2669 iu
421 2605 543 2689 pluvias
554 2626 661 2680 rarus3
686 2604 741 2668 sed
755 2603 896 2668 nubibus
911 2605 988 2668 atris

208 2692 330 2756 Creber
345 2692 412 2774 agit
426 2691 550 2754 nimbos
565 2699 598 2753 et
614 2713 697 2753 saeva
711 2689 855 2753 tonitrua
869 2700 988 2774 portat,
1155 2690 1201 2736 ¹⁵⁵

207 2776 304 2843 Clara
316 2777 495 2861 Sagittiferi
510 2775 618 2859 tetigit
633 2797 734 2859 quum
749 2775 873 2839 lumina
884 2777 977 2859 signi.

207 2864 367 2945 AEgocero
380 2884 505 2946 semper
520 2861 598 2925 caelo
609 2861 686 2924 levis
701 2861 822 2925 excidit
836 2861 958 2940 imber3

207 2948 356 3032 Frigidus
372 2960 406 3013 at
421 2947 539 3032 rapidis
553 2947 697 3010 horrebit
713 2947 877 3031 Aquarius
892 2947 1000 3025 Euris,

207 3033 443 3117 Brumalesque
460 3034 548 3097 dabit
560 3032 683 3117 pluvias
699 3044 796 3116 atque
812 3033 886 3116 igne
901 3035 1036 3117 perenni

207 3118 293 3185 Cum
306 3120 413 3184 sonitu
429 3119 552 3204 quatiet
566 3120 678 3184 nubes.
725 3117 760 3183 si
775 3141 851 3182 cura
866 3141 1010 3202 sagacem
1157 3121 1202 3168 ¹⁶⁰

208 3206 284 3270 Non
300 3206 455 3270 frustrans
471 3205 612 3269 animum
628 3216 716 3268 certo
731 3227 782 3267 me
798 3204 900 3269 limite
916 3206 1014 3282 ducit,

207 3290 290 3358 Haec
306 3292 417 3355 eadem
433 3291 492 3355 tibi
507 3291 599 3375 signa
614 3291 737 3355 dabunt
752 3313 816 3354 non
831 3291 922 3355 irrita
938 3290 1056 3356 Pisces

540 3586 773 3669 Fragmentum
789 3588 864 3651 ΙΙΙ.

256 3721 328 3786 Ursa
342 3723 395 3785 aia
409 3729 456 3786 est
471 3723 555 3786 Solis
567 3721 617 3784 bis
632 3721 716 3784 senis
730 3722 835 3785 lucida
849 3723 958 3805 signis·

209 3805 281 3869 Hac
296 3805 419 3890 rapitur
436 3804 579 3884 Phoebe;
601 3807 758 3890 peridem
774 3805 967 3891 Cythereius
978 3808 1061 3892 ignis

207 3891 324 3956 Fertur
336 3893 408 3969 iter,
424 3914 482 3976 per
496 3891 581 3955 idem
596 3893 742 3957 cristatus
756 3894 872 3957 vertice
889 3894 1028 3972 Mavors,

207 3977 455 4062 Mercuriusque
471 3978 565 4056 celer,
581 4000 680 4062 regno
695 3980 829 4064 caelique
846 3981 1002 4044 verendus

206 4063 347 4150 Jupiter,
366 4075 399 4128 ct
414 4065 498 4129 tristi
516 4065 675 4154 Saturnus
690 4065 811 4129 lumine
827 4066 945 4131 tardus.
