2868 4848
616 590 772 638 senous.
1151 573 1194 639 55

194 732 327 818 Jupiter
340 741 451 798 contra
467 731 644 798 Saturnum
659 731 748 809 fecit,
769 733 857 818 quod
875 731 1039 798 memoriae
1061 754 1127 796 uon
1150 755 1200 798 so-

194 821 265 884 lum
290 819 384 884 astris
406 818 545 895 illatum,
571 819 628 884 sed
652 820 749 883 etiam
768 819 953 884 hominibus
980 819 1041 883 hoc
1066 818 1200 886 haberet

196 905 395 982 institutum,
418 904 495 989 quia
514 905 550 969 in
569 905 725 990 agonibus
746 915 779 969 et
798 905 881 970 ludis
902 905 1199 992 quinquennalibus

195 1013 321 1056 coronae
335 992 508 1068 habentur,
524 1002 558 1055 et
572 991 704 1057 foederis
719 1001 819 1056 testes
836 991 1043 1068 adhibentur,
1054 991 1198 1078 itemque

194 1089 296 1156 vates,
305 1101 364 1164 per
375 1100 456 1164 quos
468 1077 578 1142 futura
588 1079 834 1163 respondentur,
847 1079 881 1142 iu
894 1075 1071 1162 Symposiis
1083 1078 1197 1142 domus

194 1175 432 1241 consecrantur,
451 1175 485 1228 et
499 1165 574 1250 jure
594 1163 723 1250 Jupiter
746 1164 878 1248 igneum
895 1163 956 1228 sibi
976 1161 1131 1243 velamen,
1157 1185 1197 1229 ne

195 1252 265 1336 ejus
274 1250 444 1315 fulminum
455 1251 601 1335 potentia
615 1249 918 1335 deprehenderetur,
933 1249 1091 1315 adhibuit.
1130 1249 1198 1315 Ha·

194 1337 252 1400 bet
278 1337 385 1402 stellas
410 1348 558 1422 quatuor,
585 1337 664 1401 duas
678 1337 713 1400 in
729 1337 908 1421 superficie,
932 1336 968 1400 in
990 1357 1056 1423 qua
1079 1357 1195 1421 prunae

194 1422 293 1487 fuisse
309 1423 470 1499 dicuntur,
486 1424 565 1486 duas
580 1423 614 1486 in
628 1445 701 1488 vase
713 1423 792 1508 ejus.

239 1509 421 1574 Centaurus
436 1509 554 1574 dicitur
566 1509 697 1574 Saturni
713 1520 747 1572 et
762 1507 905 1593 Philyrae
916 1507 1002 1572 filius
1015 1533 1023 1586 ;
1047 1529 1122 1574 nam
1139 1507 1198 1573 Sa-

194 1605 311 1660 turnus
337 1618 411 1660 cum
435 1593 548 1660 Jovem
571 1595 673 1660 filium
697 1607 860 1680 quaereret
883 1595 918 1658 in
941 1594 1089 1672 Thracia,
1117 1616 1192 1658 cum

194 1680 328 1766 Philyra
344 1681 465 1745 Oceani
474 1681 540 1746 filia
549 1681 584 1745 in
596 1703 717 1767 equum
729 1703 839 1746 versus
850 1681 966 1745 dicitur
976 1679 1195 1759 concubuisse,

194 1777 228 1832 et
243 1791 287 1832 ex
301 1791 340 1832 ea
356 1767 528 1832 Chironem
541 1768 740 1832 Centaurum
752 1780 865 1833 natum
879 1767 956 1832 artis
967 1766 1134 1830 mediciuae
1144 1766 1195 1830 in·

192 1865 370 1932 ventorem,
386 1853 552 1939 ipsamque
567 1855 601 1918 in
617 1854 763 1920 arborem
778 1861 911 1936 φίλυραν,
923 1853 983 1916 hoc
1007 1863 1067 1930 est,
1092 1851 1196 1916 tiliam

192 1963 313 2004 versam
330 1963 409 2018 esse,
425 1952 459 2004 et
478 1940 639 2006 habitasse
658 1937 832 2007 Chironem
844 1939 879 2002 in
892 1937 982 2004 Pelio
991 1948 1101 2004 monte
1111 1938 1198 2003 inter

192 2025 338 2092 homines
368 2027 597 2113 aequissimum,
629 2049 648 2092 a
677 2047 742 2111 quo
782 2025 987 2109 AEsculapius
1024 2024 1195 2102 medicina,

193 2112 337 2178 Achilles
352 2112 483 2190 cithara,
499 2113 535 2176 in
551 2112 724 2196 astrologia
739 2111 908 2188 Hercules,
924 2111 1025 2176 literis
1046 2111 1197 2175 instructi

192 2210 289 2277 sunt3
313 2200 404 2285 cujus
440 2199 579 2284 hospitio
607 2221 680 2264 cum
718 2198 875 2263 Hercules
912 2208 1070 2277 uteretur,
1107 2197 1194 2261 sicut

192 2284 406 2350 Antisthenes
422 2285 508 2363 dicit,
525 2285 704 2370 epharetra
718 2285 836 2369 sagitta
850 2284 938 2368 lapsa
949 2283 1065 2348 dicitur
1076 2283 1194 2368 pedem

192 2373 262 2456 ejus
276 2370 474 2452 vulnerhsse,
488 2382 682 2456 acceptoque
697 2371 829 2436 vulnere
842 2370 932 2434 illum
945 2369 1084 2434 animam
1097 2369 1197 2434 exha-

191 2457 286 2535 lasse,
303 2469 337 2522 et
351 2458 391 2522 ab
409 2458 487 2522 Jove
502 2459 595 2522 astris
609 2457 746 2523 illatum.
792 2456 855 2521 Est
870 2467 978 2520 autem
1003 2454 1131 2539 signum
1154 2456 1196 2520 ad
1306 2483 1310 2490 ·

191 2553 358 2628 aspectum
375 2543 520 2609 Sacrarii.
566 2542 663 2608 Unde
680 2554 713 2608 et
727 2543 767 2608 ad
781 2542 866 2608 idem
894 2541 1074 2606 Sacrarinm
1099 2543 1195 2607 sacri·

195 2630 290 2694 ficare
306 2630 442 2695 videtur.
487 2629 599 2694 Habet
613 2629 732 2707 stellas,
744 2628 894 2714 incapite
907 2629 1055 2692 obscuras
1068 2637 1144 2706 tres,
1159 2629 1195 2692 in

192 2716 327 2800 singulis
341 2715 482 2780 humeris
497 2715 638 2800 singulas
653 2715 762 2792 claras,
777 2717 812 2780 Iu
825 2715 939 2778 dextro
954 2714 1064 2778 cubito
1078 2736 1187 2792 unam,

192 2802 227 2865 in
243 2803 356 2866 eadem
372 2823 470 2866 manu
485 2824 593 2879 unam,
609 2802 644 2866 iu
659 2801 764 2866 medio
779 2812 908 2886 pectore
924 2823 1033 2877 unam,
1049 2800 1084 2863 in
1099 2800 1192 2885 spina

192 2888 282 2966 duas,
298 2889 333 2952 in
346 2900 457 2953 ventre
472 2887 654 2972 splendidas
669 2888 758 2965 duas,
774 2887 809 2950 in
824 2887 940 2952 dextro
950 2886 1061 2951 lumbo
1074 2886 1192 2951 claram

192 2996 303 3053 unam,
318 2974 353 3037 in
369 2975 469 3039 cauda
484 2984 559 3052 tres,
575 2975 610 3037 in
625 2973 758 3058 singulis
773 2973 909 3057 genibus
924 2983 1083 3037 retrorsus
1099 2973 1190 3052 duas,

191 3059 226 3122 in
242 3071 381 3145 utroque
396 3083 485 3125 armo
499 3081 609 3137 unam,
625 3060 660 3124 in
672 3060 819 3143 utrisque
829 3060 967 3145 pedibus
979 3059 1192 3124 anterioribus

191 3144 342 3231 singulas.
388 3144 797 3211 FiuntomnesXXXIII.
843 3144 985 3212 Quidam
994 3145 1193 3210 arbitrantur

190 3240 302 3297 tenere
318 3232 352 3296 in
368 3233 495 3296 sinistra
518 3253 616 3297 mauu
640 3255 728 3296 arma
751 3242 784 3296 et
809 3230 988 3316 Leporem;
1012 3231 1048 3295 in
1075 3231 1192 3296 dextra

189 3339 264 3382 vero
284 3318 462 3396 bestiolam,
484 3340 559 3402 quae
574 3318 674 3400 θηρίον
695 3317 884 3402 appellatur,
906 3327 940 3380 et
952 3314 1077 3397 βύρσαν,
1093 3317 1127 3380 id
1142 3327 1191 3382 est

189 3413 296 3470 utrem
318 3403 384 3468 vini
409 3404 551 3488 plenum,
578 3403 614 3466 in
639 3425 704 3490 quo
733 3403 855 3468 libabat
886 3403 946 3466 diis
970 3402 1006 3466 in
1036 3399 1190 3468 Sacrario.

191 3489 304 3554 Habet
318 3499 425 3556 autem
440 3489 549 3554 stellas
568 3489 715 3568 bestiola,
732 3489 767 3553 in
788 3489 893 3574 capite
914 3510 1023 3566 unam,
1043 3488 1078 3552 in
1098 3489 1191 3574 spina

188 3575 305 3640 claram
321 3598 429 3656 unam,
445 3577 479 3640 in
493 3576 595 3641 cauda
610 3576 700 3653 duas,
716 3576 751 3640 in
766 3598 889 3640 srunmo
909 3575 992 3660 pede
1036 3575 1189 3640 osteriore

188 3662 305 3728 claram
319 3685 429 3742 unam,
447 3663 481 3728 in
495 3661 607 3746 thyrso
622 3672 700 3727 tres.
746 3661 832 3727 Sunt
845 3684 955 3727 omnes
971 3660 1007 3726 X
1048 3660 1156 3726 XIII.

231 3747 359 3834 Hydra,
373 3771 470 3834 super
484 3750 575 3834 cujus
590 3750 724 3814 caudam
739 3747 881 3815 Corvum
895 3749 1005 3814 sedere
1014 3747 1136 3826 dicunt,
1155 3757 1189 3812 et

186 3833 222 3898 in
233 3835 340 3900 medio
357 3833 483 3900 Urnam
499 3845 659 3916 asserunt,
673 3846 723 3900 est
741 3835 869 3920 signum
884 3835 919 3900 in
934 3845 1025 3920 parte
1046 3832 1190 3915 australi,

187 3931 287 4008 caput
302 3921 466 3990 deflexum
480 3922 602 3988 habens
618 3922 660 3988 ad
676 3921 846 4000 Cancrum,
863 3923 956 4007 cujus
978 3920 1099 3984 sinuosi
1119 3941 1189 3984 cor·

186 4008 272 4091 poris
286 4008 440 4074 medietas
455 4020 506 4074 est
520 4031 667 4074 connexa
682 4009 742 4074 sub
757 4007 879 4090 Leone,
894 4007 1027 4072 caudam
1038 4027 1113 4070 vero
1130 4027 1188 4069 ex-

186 4094 292 4160 tendit
306 4094 348 4160 ad
372 4094 584 4174 Centaurum,
607 4117 704 4181 supra
728 4116 827 4182 quam
849 4093 940 4160 sedet
963 4091 1105 4160 Corvus:
1130 4091 1186 4177 qui
