2868 4848
272 551 311 614 10
671 569 866 614 sannanim

270 708 319 774 Ut
333 731 433 795 quum
449 708 618 774 decurrens
633 710 758 776 inhibet
770 712 838 796 jam
854 711 961 775 navita
975 733 1092 788 remos,

270 795 489 881 Aversamque
503 805 605 860 ratem
617 797 699 862 rotis
713 798 882 861 damnatus
897 796 938 860 ad
953 820 1040 862 oram

271 880 424 966 Perligat,
439 891 580 966 optatam
596 882 728 967 cupiens
741 883 926 966 contingere
943 892 1080 947 terram:

275 966 341 1032 Sed
355 989 516 1117 quaeJpars
531 967 647 1033 violata
661 969 736 1046 fuit,
751 968 900 1033 coeuntia
914 990 993 1032 saxa
1219 969 1269 1016 350

274 1051 418 1118 Numine
456 1054 571 1118 unonis
586 1065 676 1119 tutus
692 1076 793 1138 quum
805 1053 890 1138 fugit
905 1052 1011 1130 Iason,

272 1138 356 1203 Haec
371 1139 467 1203 micat
481 1139 515 1202 in
530 1139 608 1204 caelo
623 1165 630 1204 :
654 1140 747 1204 lateri
761 1161 826 1204 non
842 1139 975 1224 amplior
990 1149 1113 1216 auctus,

273 1224 381 1292 Quam
397 1225 499 1308 surgit
513 1225 624 1290 malus.
672 1224 748 1292 Qua
762 1225 858 1289 debet
872 1225 1004 1290 reddere
1019 1246 1157 1308 proram,

272 1310 458 1394 Intercepta
471 1312 557 1394 perit
570 1311 658 1376 nulla
673 1311 733 1375 sub
747 1311 887 1394 imagine
901 1311 1020 1388 forma3

274 1395 396 1481 Puppis
412 1396 548 1462 demisso
562 1408 689 1461 tantum
705 1408 769 1461 stat
783 1397 905 1461 roscida
919 1395 1015 1460 clavo.
1219 1396 1268 1444 355

317 1481 418 1546 Haud
432 1482 542 1566 procul
557 1484 735 1567 expositam
750 1483 895 1566 seqnitur
910 1481 1031 1546 Nereia
1046 1480 1159 1546 Pistris
1173 1491 1270 1522 remu.

276 1567 515 1632 Andromedam
528 1594 535 1646 ;
552 1569 656 1632 media
671 1582 721 1632 est
735 1567 818 1633 Solis
832 1569 892 1646 via,
909 1590 1010 1652 quum
1025 1579 1133 1632 tamen
1148 1567 1203 1632 illa

274 1654 428 1718 Terretur
442 1665 584 1718 monstro
622 1654 715 1738 elegi,
730 1654 914 1738 gaudetque
929 1653 989 1718 sub
1005 1677 1067 1718 axe

275 1738 410 1804 Diverso
425 1739 529 1824 posita
545 1751 577 1803 et
594 1677 706 1804 Poreae
721 1740 823 1804 vicina
836 1739 976 1824 legente,

276 1825 398 1892 Auster
414 1825 536 1889 Pistrin
550 1825 631 1908 agit3
655 1825 719 1890 duo
734 1825 837 1889 sidera
851 1825 987 1910 perlegit
1002 1846 1122 1900 unum;
1222 1825 1270 1871 360

276 1911 428 1995 Namque
442 1909 536 1974 Aries
551 1933 646 1996 supra
662 1911 783 1976 Pistrin
798 1909 969 1996 Piscesque
985 1910 1155 1986 feruntur3

277 1997 393 2062 Bellua
407 1996 463 2060 sed
477 1997 569 2081 ponti
583 2018 649 2061 non
664 1997 802 2061 multum
817 1998 963 2081 praeterit
978 1996 1129 2072 Amnem,

277 2082 430 2160 Amnem,
446 2083 502 2167 qui
519 2081 723 2149 Phaethonta
737 2106 809 2147 suas
824 2083 952 2147 deflevit
967 2083 1005 2146 ad
1022 2083 1134 2159 undas,

277 2167 454 2251 Postquam
469 2169 568 2252 patris
584 2191 683 2254 equos
697 2191 762 2233 non
778 2191 872 2254 aequo
887 2169 1028 2254 pondere
1043 2168 1140 2245 rexit,

278 2253 423 2319 Vulnere
434 2255 621 2319 reddentem
636 2255 778 2319 flammas
787 2255 809 2318 J
810 2256 895 2332 om's3
911 2255 1009 2330 hunc,
1026 2276 1107 2318 nova
1124 2251 1213 2330 silva,
1224 2252 1271 2299 555

280 2339 441 2404 Planxere
456 2341 574 2424 ignotis
589 2351 711 2404 maestae
729 2339 980 2406 Phaethontides
996 2340 1089 2402 ulnis.

323 2426 484 2490 Eridanus
497 2426 620 2490 medius
634 2427 763 2511 liquidis
778 2427 946 2512 interjacet
960 2426 1061 2490 astris.
1147 2430 1272 2463 ememus.

281 2511 392 2596 Hujus
406 2533 478 2597 pars
494 2513 590 2576 undae
605 2512 721 2576 laevum
736 2512 812 2576 terit
828 2512 956 2577 Orionis

280 2597 386 2682 Lapsa
399 2599 526 2683 pedem,
541 2598 653 2683 procul
668 2599 823 2662 ambobus
838 2622 902 2683 qua
919 2597 1064 2662 Piscibus
1079 2617 1163 2660 unus

280 2683 421 2748 Vincula
436 2685 598 2748 connectit
611 2685 726 2762 nodus,
742 2685 869 2749 cristam
884 2707 980 2770 super
994 2684 1094 2768 ipsam
1226 2678 1274 2730 870

280 2769 456 2854 AEquoreae
472 2769 586 2834 Pistris
602 2770 745 2848 radians3
770 2782 846 2835 sunt
861 2770 961 2834 libera
975 2770 1053 2834 eaelo

282 2855 403 2933 Sidera,
418 2879 485 2920 non
500 2856 598 2920 ullam
612 2857 715 2940 specie
731 2857 897 2921 reddentia
911 2857 1055 2933 formam,

281 2941 351 3006 Sub
367 2941 502 3026 Leporis
515 2941 612 3019 latus,
628 2964 769 3006 aversam
784 2953 857 3026 post
871 2943 1010 3027 denique
1024 2942 1170 3027 puppim,

282 3027 375 3091 Inter
390 3039 423 3092 et
438 3027 572 3092 Eridani
583 3029 688 3092 flexus
704 3027 890 3113 clavumque
906 3031 1041 3105 carinae;

283 3113 395 3197 Atque
406 3113 475 3177 haec
490 3113 559 3197 ipsa
574 3124 651 3178 nota
665 3124 714 3178 est
730 3114 851 3178 nullam
865 3115 1008 3199 praebere
1024 3115 1160 3197 figuram
1174 3137 1181 3176 ε
1226 3109 1275 3162 375

284 3199 370 3263 Sunt
385 3201 504 3264 etenim
519 3209 587 3264 toto
600 3200 700 3285 sparsi
715 3199 783 3264 sine
799 3201 927 3264 nomine
939 3202 1060 3264 mundo

284 3285 375 3349 Inter
391 3286 481 3370 signa
491 3286 582 3370 ignes
594 3311 602 3363 3
627 3285 743 3369 quibus
759 3287 819 3350 etsi
832 3287 959 3371 propria
972 3286 1055 3350 desit

284 3371 411 3450 Forma,
427 3395 484 3456 per
499 3371 636 3456 appositi
650 3382 827 3436 noscuntur
841 3373 964 3436 lumina
978 3373 1071 3456 signi.

328 3457 389 3520 Est
404 3459 500 3522 etiam
513 3481 532 3522 a
544 3458 679 3541 geminis
691 3457 832 3522 diversus
844 3457 990 3522 Piscibus
1002 3463 1176 3535 unua,¹'¹⁵⁰¹⁸
1185 3462 1276 3492 nonus.

286 3542 354 3609 Qui
369 3541 498 3608 Borean
514 3544 644 3627 fugitat,
660 3553 748 3607 totus
764 3544 902 3608 directus
916 3545 951 3607 in
968 3544 1118 3620 Austros,
1229 3539 1277 3630 3⁸⁰

285 3628 410 3694 Ventre
425 3630 484 3693 sub
500 3629 662 3713 AEgoceri,
681 3628 801 3693 Pistrin
818 3652 988 3694 conversus
1003 3630 1043 3693 ad
1057 3630 1162 3693 imam.

286 3714 423 3779 Infimus
439 3714 649 3800 Hydrochoos
665 3716 719 3779 sed
732 3738 796 3800 qua
809 3716 942 3800 vestigia
955 3715 1038 3800 figit,

288 3801 373 3865 Sunt
387 3801 457 3866 aliae
473 3801 585 3878 stellae,
602 3824 666 3886 qua
680 3801 813 3866 caudam
827 3801 935 3866 bellua
949 3803 1061 3878 flectit,

287 3886 427 3972 Quaque
442 3898 538 3972 caput
553 3887 665 3952 Piscis,
709 3887 821 3952 Media
834 3889 963 3972 regione
978 3889 1090 3953 locatae

289 3973 424 4038 Nullum
437 3996 554 4037 nomen
567 3973 699 4052 habent,
715 3997 774 4038 nee
789 3997 883 4038 causa
899 3986 948 4039 est
963 3975 1100 4039 nominis
1117 3970 1200 4048 ulla3
1230 3969 1278 4016 3⁸5

290 4060 343 4123 Sic
358 4060 464 4124 tenuis
478 4061 600 4124 cunctis
611 4063 679 4145 jam
694 4083 786 4145 paene
802 4061 931 4125 evanuit
946 4062 1047 4127 ardor.
