2868 4848
232 551 278 622 40
633 571 830 619 orsururcr

232 711 350 778 claram
364 733 474 790 unam,
488 709 521 776 in
534 711 668 798 singulis
682 713 824 778 humeris
833 711 975 796 singulas
985 711 1094 789 claras,
1106 711 1141 776 in
1152 712 1233 778 dex·

232 809 283 864 tra
304 797 478 863 mammilla
492 797 607 864 claram
623 821 731 877 unam,
746 799 781 863 in
797 799 910 864 dextra
935 820 1035 863 manu
1058 799 1176 864 claram
1196 811 1231 864 ct

231 907 265 949 m
329 906 381 948 am
417 905 526 962 unam,
560 885 595 948 in
621 885 750 950 sinistra
778 906 876 949 manu
905 883 1021 949 claram
1052 907 1162 962 unam,
1193 886 1231 949 in

231 992 287 1034 um
311 969 384 1034 ilico
412 968 527 1035 claram
543 983 577 1034 et
591 992 740 1054 magnam
769 992 878 1048 unam,
905 970 940 1034 in
954 970 1081 1034 sinistro
1095 970 1230 1035 'feruore

231 1055 322 1134 duas,
336 1055 371 1120 in
380 1055 491 1120 eodem
506 1078 593 1141 genu
607 1056 724 1121 claram
737 1077 847 1134 unam,
857 1055 892 1119 in
902 1077 1098 1142 unoquoque
1109 1078 1150 1120 an
1210 1080 1229 1121 o

230 1139 329 1220 sellae,
343 1141 378 1206 in
393 1163 458 1226 qua
472 1142 572 1220 sedet,
585 1141 725 1226 singulas
736 1141 845 1208 claras.
892 1141 976 1206 Sunt
991 1163 1101 1207 omnes
1117 1141 1154 1205 X
1177 1140 1228 1210 ΙΙ.

274 1226 482 1293 Andromeda
495 1227 561 1292 filia
574 1227 638 1294 fuit
653 1225 779 1312 Cephei
793 1237 827 1292 et
842 1225 1047 1312 Cassiepeioe‚
1063 1249 1137 1313 quae
1152 1227 1230 1292 ada-

230 1323 318 1378 mata
340 1325 389 1377 cst
405 1336 424 1378 a
438 1311 491 1380 Cu
515 1313 612 1392 idioe,
625 1324 659 1379 et
674 1313 785 1380 datum
806 1323 855 1378 est
877 1335 1076 1398 responsum,
1100 1324 1138 1378 ut
1161 1323 1230 1378 tra-

232 1398 362 1464 deretur
374 1397 455 1464 Ceto
517 1399 744 1464 devorandum.
790 1398 877 1466 Qoae
887 1421 1042 1484 suspensa
1051 1398 1137 1462 inter
1145 1398 1228 1466 duos

230 1496 366 1563 montes,
382 1495 416 1550 et
430 1485 578 1570 exposita
593 1483 678 1551 Ceto
693 1497 742 1549 est
756 1507 829 1550 cum
849 1485 997 1549 omnibus
1017 1485 1227 1564 ornamentis,

229 1592 249 1634 a
263 1569 382 1634 Perseo
396 1580 506 1635 autem
519 1569 654 1636 liberata
669 1582 729 1648 est,
741 1580 775 1635 et
789 1570 831 1634 ob
842 1570 876 1635 id
886 1569 1005 1634 Persea
1015 1570 1115 1648 dicta;
1127 1569 1228 1635 bene-

229 1655 367 1741 ficioque
383 1655 541 1722 Minervae
560 1657 654 1721 astris
677 1667 806 1741 recepta
825 1667 884 1722 est.
930 1655 1104 1741 Euripides
1128 1656 1227 1722 etiam

229 1741 307 1806 dicit
321 1742 407 1806 intra
420 1753 506 1806 astra
518 1741 715 1820 collocatam,
730 1752 768 1806 ut
782 1741 872 1806 labor
887 1740 997 1805 Persei
1012 1751 1154 1805 aeternus
1168 1764 1228 1826 pa-

228 1836 324 1906 teret,
336 1827 486 1892 manibus
500 1829 570 1913 ejus
585 1829 738 1906 extensis,
754 1827 1023 1912 quemadmodum
1033 1825 1114 1890 Ceto
1125 1850 1227 1912 oppo-

229 1913 291 1978 sita
302 1923 360 1978 est.
407 1912 493 1980 Quae
508 1936 580 1978 cum
596 1939 615 1980 a
630 1913 748 1979 Perseo
761 1913 897 1978 liberata
909 1924 1004 1990 esset,
1020 1935 1127 1997 neque
1139 1914 1226 1997 patri

228 2020 335 2084 neque
346 1999 442 2064 matri
454 1999 556 2064 voluit
571 1999 768 2077 commorari,
782 1999 840 2063 sed
852 1999 1006 2064 continuo
1018 2021 1091 2063 cum
1104 1997 1226 2064 Perseo

227 2085 371 2169 profecta
385 2097 444 2150 est.
490 2084 729 2163 Habetstellas,
745 2085 898 2170 incapite
918 2084 1036 2149 claram
1055 2107 1165 2162 unam,
1188 2085 1225 2149 in

228 2171 362 2255 singulis
376 2170 518 2236 humeris
532 2171 684 2256 singulas,
699 2171 732 2234 in
748 2171 883 2254 singulis
902 2171 1019 2235 cubitis
1040 2170 1138 2234 claras
1158 2171 1226 2235 sin-

227 2257 330 2340 gulas,
345 2257 380 2320 in
395 2257 511 2322 dextra
525 2279 622 2321 manu
636 2257 752 2322 claram
766 2279 876 2335 unam,
900 2256 936 2320 in
956 2256 1069 2320 eodem
1092 2256 1225 2322 brachio

228 2342 327 2406 claras
342 2343 432 2421 duas,
448 2343 482 2406 in
494 2366 577 2408 zona
591 2355 667 2420 tres,
683 2342 743 2407 sub
764 2363 845 2407 zona
864 2353 1014 2427 quatuor,
1033 2342 1068 2405 in
1088 2341 1224 2426 singulis

227 2429 365 2511 genibus
380 2429 478 2493 claras
493 2429 644 2513 singulas,
660 2429 693 2496 in
710 2430 825 2493 dextro
840 2429 922 2514 pede
937 2428 1027 2506 duas,
1041 2429 1075 2492 in
1092 2428 1222 2493 sinistro

226 2515 308 2600 pede
324 2536 431 2580 unam.
478 2514 564 2580 Sunt
577 2537 687 2580 omnes
702 2511 807 2580 XXI.

271 2601 387 2684 Equus
402 2612 559 2685 praeterea
573 2600 723 2665 dimidius
738 2610 797 2677 cst,
814 2599 918 2684 priore
933 2609 1024 2684 parte
1040 2611 1153 2684 patens
1168 2622 1223 2664 us-

228 2707 292 2771 que
307 2687 347 2750 ad
361 2687 559 2751 umbilicum.
604 2688 724 2752 Aratus
744 2686 821 2750 dicit
841 2707 936 2770 super
958 2684 1223 2749 Geniculatorem

228 2772 337 2850 situm,
353 2782 387 2836 et
395 2774 463 2857 jam
479 2773 570 2837 astris
586 2772 721 2850 illatum,
738 2795 776 2836 eo
790 2772 876 2855 quod
891 2795 910 2838 a
924 2771 1111 2835 celsitudine
1129 2769 1224 2834 Heli-

227 2858 315 2922 conis
341 2859 460 2922 montis
488 2880 638 2943 percusso
660 2859 742 2943 pede
764 2858 880 2922 dextro
913 2880 932 2921 a
957 2878 1030 2920 uam
1055 2856 1223 2940 produxit,

229 2966 326 3029 quem
340 2944 498 3029 liquorem
514 2943 744 3029 Hippocrenen
768 2943 889 3010 dicunt.
970 2943 1075 3006 uidam
1100 2964 1160 3028 pro
1183 2965 1223 3008 eo

228 3030 316 3114 quod
326 3029 454 3115 Jupiter
470 3054 507 3094 eo
523 3052 599 3095 usus
624 3029 733 3095 fuerit.
779 3027 937 3093 Nonnulli
961 3051 1036 3098 vero
1061 3026 1224 3112 Pegasum

226 3125 356 3201 putant,
383 3117 439 3200 qui
460 3117 500 3180 ad
520 3126 606 3180 astra
621 3139 679 3201 pro
700 3114 960 3200 Bellerophontis
979 3114 1114 3178 interitu
1139 3115 1224 3178 evol-

226 3201 337 3267 averit.
372 3201 543 3288 Euripides
554 3202 642 3278 dicit,
655 3201 866 3286 Menalippen
878 3201 1025 3264 Chironis
1033 3200 1132 3263 filiam
1142 3222 1223 3279 esse,

227 3309 302 3374 quae
316 3310 506 3373 compressa,
521 3288 650 3371 gravida
663 3287 807 3372 profugit
821 3288 855 3351 in
872 3286 986 3351 Pelion
1011 3296 1164 3363 montem,
1190 3297 1225 3352 et

226 3375 305 3439 dum
320 3386 443 3459 epatre
458 3373 685 3458 comprehendi
700 3374 840 3451 timeret,
857 3374 990 3437 deorum
1009 3371 1225 3436 misericordia

225 3481 375 3524 conversa
388 3461 422 3524 in
438 3482 557 3545 equum
573 3459 612 3523 ad
627 3471 711 3524 astra
726 3459 919 3536 conscendit,
932 3459 1023 3522 cu'us
1032 3457 1224 3542 posteriores

225 3556 333 3630 partes
347 3547 487 3630 corporis
502 3556 632 3630 propter
644 3545 790 3610 foeminei
805 3567 903 3609 sexus
917 3482 1072 3629 pudorem
1091 3565 1157 3608 non
1177 3543 1224 3606 vi-

225 3632 354 3696 dentur.
400 3631 512 3696 Habet
526 3645 633 3696 autem
645 3632 763 3708 stellas,
775 3631 808 3694 in
818 3630 897 3694 facie
910 3630 1009 3694 claras
1021 3629 1110 3705 duas,
1123 3629 1156 3692 in
1170 3650 1223 3692 ca·

225 3717 293 3803 pite
309 3717 424 3782 claram
440 3740 548 3794 unam,
565 3718 598 3780 in
614 3717 749 3800 singulis
763 3717 895 3781 auribus
911 3715 1051 3799 singulas
1066 3715 1174 3791 claras,
1187 3715 1224 3778 in

225 3802 357 3868 maxilla
371 3826 480 3881 unam,
496 3804 530 3868 in
542 3803 591 3867 ala
603 3804 750 3888 proxima
761 3803 858 3886 capiti
867 3801 983 3866 claram
995 3823 1104 3876 unam,
1116 3799 1150 3864 in
1161 3799 1225 3864 hu·

225 3913 314 3956 mero
329 3889 388 3954 alae
401 3890 525 3954 dextrae
542 3912 650 3966 unam,
666 3890 701 3951 in
716 3889 819 3953 media
834 3888 885 3952 ala
900 3909 1007 3963 unam,
1023 3887 1058 3949 in
1069 3885 1223 3950 extremis

224 3975 339 4061 pennis
354 3998 463 4053 unam,
478 3975 513 4039 in
529 3998 616 4038 armo
632 3997 740 4052 unam,
756 3976 789 4039 in
805 3985 934 4059 pectore
950 3994 1058 4050 unam,
1081 3972 1115 4034 in
1130 3970 1224 4056 spina

225 4083 333 4139 unam,
347 4062 382 4124 in
397 4061 548 4126 umbilico
563 4061 677 4125 claram
694 4083 801 4137 unam,
814 4061 848 4123 in
862 4058 995 4143 singulis
1006 4057 1143 4142 genibus
1156 4057 1221 4120 sin-

224 4147 324 4231 gulas,
341 4148 374 4211 in
390 4147 523 4231 singulis
532 4147 660 4231 ungulis
670 4146 820 4230 singulas.
846 4143 946 4210 Fiunt
958 4166 1068 4208 ornnes
1079 4141 1222 4210 XVIII.
