2902 4838
235 533 279 582 xlii
538 529 545 548 ⁸
700 545 779 583 sora

269 671 325 721 313.
340 669 407 720 Vatis
416 672 448 720 Α.
463 671 604 736 domm
616 671 648 722 Ε.
666 671 797 723 &meatur
808 673 836 724 F.
852 670 941 735 (ibid.)
959 673 991 722 ad
1001 671 1082 738 mam]
1094 673 1124 722 de
1135 690 1159 738 g.
1171 675 1237 739 conj.

236 736 274 787 sb.
291 735 321 784 cb
333 753 372 784 ore
384 736 637 800 essessa-011..

269 803 325 850 319.
346 800 470 864 Optatam]
481 802 575 850 scilicet
586 801 703 866 quamdiu
721 802 747 849 in
765 803 871 850 externis
886 801 1027 865 regionibus
1038 810 1147 852 versatas
1159 809 1237 852 est.-

236 865 504 980 SCll.-osserliaat]
516 867 546 915 de
558 882 582 930 g.
596 867 660 930 conj.
673 867 698 915 b.
721 865 828 929 Perleqit
838 867 1004 930 ABEGFPg.
1021 865 1136 929 Preliqct
1145 869 1236 918 Murc-

236 934 354 980 kens.-

272 998 329 1043 356.
349 997 455 1044 Goeuatia
466 995 539 1060 sara]
550 994 574 1042 id
583 1001 628 1055 est,
637 993 730 1044 insulse
742 995 925 1060 Symplegadas,
935 995 985 1044 sive
995 994 1106 1058 Cyaneas
1114 997 1237 1060 proximas

239 1059 366 1123 Bosphoro
385 1061 411 1108 in
430 1060 508 1109 Ponto
529 1061 636 1109 Euxino.
672 1061 716 1108 llae
727 1061 969 1122 praetemsvigsturos
986 1059 1121 1108 collidendo
1138 1063 1238 1125 perdere

239 1125 399 1174 credebantur
409 1126 536 1174 veteribus.
568 1125 625 1173 Vid.
637 1124 666 1172 de
677 1124 765 1172 insulis
775 1125 842 1173 hisce
859 1125 982 1173 cellarius
993 1125 1034 1172 lib.
1049 1125 1085 1173 II.
1099 1126 1239 1190 Geograph.

241 1189 326 1251 Antiq.
347 1205 399 1252 cop.
423 1191 452 1237 15
472 1197 534 1239 extr.
554 1190 780 1252 pag.13³1‚1332.
823 1189 925 1238 Flaccus
944 1193 1035 1251 Argon.
1053 1189 1094 1238 lib.
1115 1191 1136 1239 Ι.
1156 1207 1178 1238 v.
1199 1194 1239 1239 58.

244 1254 341 1302 Talibus
359 1253 468 1302 hortatur
477 1255 597 1318 juversem,
633 1257 769 1316 repriorque
782 1254 877 1316 jubenti
898 1255 1023 1310 Conticuit,
1041 1263 1116 1303 certus
1128 1255 1239 1318 Scythico

240 1321 583 1432 1113511115Έέ·
593 1271 725 1432 ..iiiii
727 1318 1241 1447 ..llirritatorum

276 1419 282 1430 .
334 1417 340 1430 .
402 1418 409 1433 .
799 1417 805 1440 ,
1233 1420 1239 1433 .

234 1449 310 1508 filror
319 1448 356 1496 leis
366 1449 442 1496 medio
452 1463 587 1496 concurrere
597 1454 679 1510 ponto.
712 1448 821 1494 Necdum
832 1449 894 1496 allas
905 1449 984 1496 videre
994 1452 1074 1496 rates:
1090 1465 1133 1496 saa
1142 1453 1239 1498 commi-

242 1519 351 1560 musacta
363 1512 428 1560 Saea
440 1519 558 1574 proruunt,
569 1518 692 1576 cautesque
700 1527 763 1570 suas,
774 1515 812 1568 850.
829 1513 917 1561 adds.
929 1513 978 1560 616
990 1527 1055 1574 seqq.
1068 1520 1092 1560 et
1103 1514 1143 1562 lib.
1155 1515 1175 1561 1.
1185 1516 1241 1564 636.

244 1577 373 1641 Euripides
386 1578 497 1641 Iphigcn.
509 1578 535 1625 in
546 1577 621 1625 Tsur.
632 1593 656 1625 v.
669 1578 715 1624 123
726 1573 816 1634 δισσὰς
827 1575 1012 1643 συγχωρούσας
1020 1575 1115 1642 πέτρας
1124 1579 1240 1642 appellat.

246 1641 353 1690 Consule
376 1649 400 1690 et
421 1643 554 1690 Pindarum
576 1641 650 1705 Pyth.
670 1641 708 1688 od.
729 1641 774 1691 lV.
797 1657 852 1706 spo.
872 1644 889 1691 l.
902 1659 946 1692 κω.
970 1640 1239 1706 sd.-SCH.-Sed]

244 1707 393 1755 ABEGFP.
410 1723 451 1754 seu
462 1708 491 1755 de
502 1722 526 1769 g.
538 1707 601 1768 conj.
613 1707 649 1754 sb.
672 1705 758 1767 (lbid.)
781 1722 833 1770 ques
844 1707 922 1756 BEG.
940 1709 997 1770 qaia
1008 1705 1127 1770 AFPgsb.
1151 1710 1241 1757 violata

237 1773 307 1834 sapit
319 1771 347 1820 Β.
375 1771 422 1820 Est
440 1779 522 1819 tamen
540 1771 613 1819 etiam
632 1771 659 1818 in
677 1777 759 1818 nostra
776 1771 830 1819 lect.
841 1772 989 1834 nescioquae
1001 1771 1173 1837 ἀκυρολογίαε
1191 1788 1241 1822 non

246 1838 312 1884 enirn
329 1836 424 1899 proprie
441 1835 489 1884 hac
502 1851 561 1898 pars
571 1839 644 1884 micat
654 1837 680 1882 irs
691 1835 754 1892 aab,
772 1851 823 1900 que
833 1837 923 1884 oiomta
934 1840 997 1899 suit,
1009 1838 1051 1885 sed
1063 1853 1098 1894 es,
1109 1853 1164 1900 quae
1175 1837 1241 1886 incn-

244 1901 320 1950 lumis
331 1901 429 2013 mgnfstit.
447 1901 601 1964 Quapropter
610 1901 658 1962 leg.
668 1900 794 1948 existimo:
812 1900 860 1950 Sed
870 1917 917 1964 qua
922 1917 982 1966 pars
991 1902 1154 1964 vialatafiait.
1165 1935 1171 1950 .
1181 1903 1241 1952 diac

242 1970 355 2014 micat-
407 1999 413 2011 .

279 2032 336 2078 351.
352 2030 458 2078 Numine
474 2026 591 2091 Jaaoais]
609 2027 665 2078 Vsl.
683 2028 785 2077 Flaccus
805 2028 847 2078 IV.
866 2029 960 2092 Argon.
980 2047 1003 2079 v.
1019 2029 1076 2081 679.
1111 2031 1159 2078 Sed
1168 2046 1242 2094 meque

244 2096 364 2158 permissu
375 2095 431 2156 jam
440 2095 545 2156 suadere
555 2099 630 2141 rector
639 2093 736 2141 habenis
745 2093 811 2151 Vela,
823 2110 865 2142 aec
875 2099 933 2143 eniti
943 2099 1014 2144 remis
1022 2101 1094 2158 potef
1111 2111 1165 2143 cum
1173 2112 1242 2158 saper

247 2161 333 2208 adsum
353 2159 465 2222 Cyanee:
486 2161 574 2221 premit
594 2158 678 2206 umbra
699 2166 782 2214 smera,
803 2160 949 2223 scopulisque
962 2161 1078 2220 senatur
1101 2161 1243 2208 Comminus.

247 2223 287 2272 lae
298 2227 363 2272 June
372 2240 518 2287 praecepsque
527 2238 555 2270 ea
564 2222 647 2271 atlere
660 2220 745 2271 Pallas
754 2223 867 2272 desiliunt
873 2228 968 2287 pariter
976 2227 1098 2288 scopsdos:
1113 2224 1176 2273 lsuac
1185 2232 1245 2273 acta

246 2295 341 2346 coercet,
356 2291 427 2336 Hune
437 2289 523 2350 conjux
531 2288 768 2350 dorric-cumsapit
779 2288 866 2347 Iasos]
879 2304 927 2336 non
938 2305 951 2337 e
964 2289 1089 2350 Colchide,
1099 2290 1141 2336 sed
1150 2291 1177 2337 in
1184 2290 1242 2337 Col·

249 2354 345 2402 ebidem
356 2369 413 2401 cum
424 2354 530 2401 abiisset.
564 2353 623 2400 Vide
635 2352 701 2400 locos
718 2368 731 2400 e
750 2353 837 2401 Flacco
848 2354 933 2401 citatos
946 2361 971 2402 et
981 2355 1091 2417 ejusdem
1102 2353 1148 2403 IV.
1160 2370 1182 2402 s.
1194 2354 1242 2406 767

250 2435 317 2482 seqq.
350 2418 442 2482 Fuqcre
460 2418 500 2466 hic
520 2424 557 2465 est
574 2417 681 2465 celeriter
694 2417 800 2478 prouehi.
834 2417 875 2465 Sic
892 2418 995 2466 Flaccus
1006 2419 1035 2466 de
1048 2416 1200 2467 eadem'nsvi
1217 2419 1244 2467 in

250 2483 393 2531 Colchidem
410 2483 548 2544 proiectura
565 2482 607 2529 lib.
617 2482 655 2530 11.
666 2483 722 2540 430,
742 2481 845 2544 Spumea
863 2482 1013 2546 subsequitur
1024 2485 1143 2546 faqierrtis
1159 2487 1242 2532 semita

250 2549 318 2596 clavi.
353 2548 454 2596 Marcus
466 2563 519 2610 cap.
529 2546 560 2594 V.
575 2548 612 2607 14,
624 2543 707 2609 φέυγω
718 2548 791 2594 etism
801 2547 882 2609 posuit
892 2563 935 2610 pro
945 2548 1052 2596 celeriter
1060 2547 1125 2596 abeo.
1151 2547 1241 2611 Jasoa]

249 2613 350 2661 AEsonis
367 2612 440 2669 lilius,
457 2628 473 2660 a
490 2611 596 2659 Chirone
612 2612 729 2659 eruditus.
762 2611 845 2672 Hujus
855 2613 970 2660 virtutem
982 2612 1063 2662 Peliss
1072 2628 1116 2661 rex
1126 2614 1243 2662 verituse

250 2677 367 2725 Colchide
378 2691 479 2726 aureum
489 2676 568 2724 vellus
577 2683 686 2738 repetere
693 2674 775 2738 J'ussit,
786 2691 885 2738 sperans
896 2693 953 2724 eum
964 2677 1028 2725 bello
1039 2686 1081 2725 aut
1091 2678 1243 2740 navigatione

248 2743 393 2806 periturum.
426 2740 516 2789 lustin.
527 2739 613 2788 XLII.
625 2754 646 2788 c.
659 2742 681 2799 2,
699 2756 718 2788 s.
731 2742 760 2788 16
771 2755 836 2802 seqq.
856 2748 880 2788 et
897 2742 1018 2804 copiosius
1035 2741 1154 2790 Pindarus
1171 2743 1243 2806 Pyth.

249 2807 288 2855 od.
301 2806 347 2854 1v.
358 2815 384 2855 et
395 2806 469 2854 Nem.
480 2805 518 2853 od.
531 2804 582 2852 III.
594 2805 702 2867 itemque
710 2805 869 2868 Apollodorus
879 2805 995 2855 Biblioth.
1004 2806 1048 2855 lib.
1058 2807 1080 2855 I.
1088 2823 1140 2869 csp.
1150 2808 1172 2864 9,
1184 2809 1196 2867 i
1206 2808 1244 2865 16,

249 2873 289 2928 22,
301 2874 340 2930 23,
352 2873 392 2928 21,
403 2869 754 2932 seqq.—SCH.--Numina
772 2870 802 2919 B.
825 2870 929 2918 Nomine
941 2872 968 2919 F.
994 2871 1091 2919 Samiae
1103 2872 1131 2919 P.
1155 2871 1242 2933 (Ibid.)

249 2942 315 2985 tutus
326 2935 481 3000 quamsspit]
493 2934 573 2983 BEG.
589 2935 667 2996 (prob.
680 2935 714 2997 g.)
724 2935 759 2982 sb.
775 2940 838 2982 tatas
848 2937 954 2998 coafoqit
963 2935 1147 2999 Aure-ou.

284 3003 339 3049 352.
355 3001 415 3048 Hac
432 3004 506 3048 micat
526 3002 553 3046 irs
571 3001 627 3047 cale>
645 2997 731 3060 lacere]
753 2998 855 3047 Flaccus
874 3001 966 3062 Argon.
987 3000 1031 3049 lv.
1048 3001 1104 3057 691,
1121 3001 1189 3048 Sacc
1204 3001 1246 3048 sed

248 3069 358 3114 extremis
369 3071 447 3112 moseo
456 3068 589 3127 increpuere
600 3061 730 3126 corymbis:
746 3062 853 3127 Parsque
871 3063 958 3127 (arrs'as)
970 3065 1172 3128 deprensajaqt's:
1187 3079 1245 3114 nam

249 3137 332 3179 catera
343 3131 399 3178 caele
416 3129 514 3178 Debita.
548 3128 614 3176 Hinc
633 3128 735 3176 Tetisno
752 3137 836 3176 contra
856 3129 929 3178 Gens.
947 3146 1003 3192 pag.
1017 3131 1063 3178 119
1081 3129 1170 3178 dicitur
1186 3128 1244 3194 ἠμί·

248 3211 326 3259 νομος
338 3192 427 3259 Ἀργώ.
445 3197 527 3242 Lateri
538 3209 585 3241 moa
597 3193 699 3256 amplius
710 3193 792 3256 aucta]
804 3193 912 3257 Vulgari,
923 3196 993 3244 lateri
1002 3210 1049 3242 noa
1060 3195 1163 3257 amplior
1171 3203 1244 3245 aetas.
1293 3221 1301 3236 ·

248 3260 335 3309 Altero
347 3275 417 3308 versu
430 3259 487 3307 MS.
497 3273 540 3320 pro
552 3258 606 3315 Qua
617 3260 694 3320 carpit
704 3257 788 3316 malus,
808 3265 836 3306 ut
846 3259 872 3306 in
883 3259 988 3321 vulgatis
997 3266 1042 3318 est,
1059 3260 1146 3308 habet:
1166 3259 1245 3316 Quam

251 3329 327 3387 carpit
343 3339 436 3372 manus.
470 3323 542 3371 Forte
554 3323 708 3385 :legendumz
727 3324 785 3370 Hoec
800 3325 876 3372 micat
891 3327 918 3372 io
935 3325 989 3372 cea
1003 3325 1058 3382 late,
1074 3340 1123 3372 aaa
1134 3326 1245 3386 amplias,

247 3392 311 3438 altus
331 3390 386 3447 Qua
404 3391 480 3450 saepit
496 3389 583 3436 malus.
617 3387 675 3436 Non
693 3387 799 3448 amplius
814 3389 897 3446 micet,
911 3404 983 3450 quam
1000 3404 1077 3451 usque
1096 3390 1125 3436 sd
1142 3389 1243 3437 malum.
1300 3387 1305 3400 ‘

249 3453 312 3518 παρ’
331 3453 414 3533 ἂυνὸν
433 3450 492 3530 leda
511 3456 607 3530 Metus.
640 3452 799 3530 Desideratur
809 3461 892 3502 sutem
903 3469 982 3528 quam,
993 3454 1058 3502 utin
1070 3453 1114 3501 illo
1124 3454 1243 3529 diviono:

244 3517 888 3649 ,5111359131311335525115
917 3517 1245 3631 lillddlllillt':

248 3647 275 3699 ai
287 3647 404 3711 πλευραὶ,
416 3653 445 3695 ut
455 3647 512 3695 alibi
531 3648 564 3708 (v.
575 3647 633 3706 299)
651 3646 756 3693 Attollat
766 3644 835 3695 lateri
845 3648 960 3710 deprensa
971 3663 1054 3710 spuma
1064 3651 1159 3696 carina.
1192 3649 1245 3698 Gs.

248 3712 504 3762 -SCH.-Lateri
515 3726 564 3759 stom
581 3711 683 3774 amplior
703 3711 800 3770 accim]
813 3712 852 3759 Sic
868 3712 969 3775 scripsi:
989 3713 1005 3740 “
1017 3728 1066 3760 non
1076 3713 1141 3761 ultre
1150 3712 1244 3761 malum

245 3773 380 3844 procedit.”
404 3779 473 3826 lateri
481 3792 530 3824 aaa
540 3777 642 3838 amplior
653 3782 718 3823 actas
730 3777 762 3823 A.
787 3776 856 3824 lateri
875 3777 992 3839 (spatium
1008 3775 1125 3839 vacuum)
1141 3779 1245 3838 amplior

247 3850 314 3893 actas
332 3843 361 3890 P.
386 3842 435 3903 (De
452 3842 482 3890 F.
499 3857 549 3889 non
567 3840 679 3899 constat.)
696 3841 767 3888 lateri
783 3855 831 3888 aaa
841 3843 944 3903 amplias
954 3846 1024 3889 aucta
1040 3842 1151 3904 BEng.
1169 3842 1202 3891 E.
1221 3857 1243 3891 s.

245 3909 336 3958 excidit
343 3908 383 3956 hic
395 3907 549 3955 vers-Oli.

278 3976 333 4022 353.
353 3970 443 4035 Quam]
461 3969 621 4020 ABEGFPs.
639 3985 686 4033 qua
697 3969 786 4020 Morel.
797 3970 836 4033 gb.
854 3969 940 4033 (majas
952 3970 1006 4019 BE.
1023 3985 1108 4020 manus
1120 3969 1164 4032 G.)
1181 3969 1242 4020 red·

242 4037 443 4154 miii-iffi&
453 4100 533 4165 cisso]
546 4101 601 4150 MS.
613 4100 705 4150 roscida
717 4100 781 4148 lavo.
804 4099 884 4160 Forte,
895 4099 988 4148 roscida
999 4100 1071 4160 clavo,
1085 4096 1242 4166 κεχαλασμέ.

1428 689 1441 722 ι1
